1345 1927
129 91 197 123 380
437 89 475 122 P.
503 87 706 122 VIRGILII
732 85 945 120 MARONIS

130 156 237 191 Edita
254 168 428 201 purpureo
445 157 564 190 lucens
581 155 779 189 maculatur
796 154 937 196 amictu,
1185 152 1252 188 1⁷0
1302 185 1303 190 ,

130 202 355 246 Aspeetuque
371 202 504 236 micant
521 201 738 235 flammantia
754 200 890 233 lumina
907 203 1013 233 torvo.

130 247 290 281 Metabat
308 248 378 281 late
395 248 526 281 circum
542 248 627 290 loca,
646 259 753 290 quum
772 247 867 279 videt
884 246 1007 290 ingens

129 292 325 327 Adversum
343 293 507 327 recubare
524 294 647 326 ducem
664 293 786 335 gregis.
829 292 949 325 Acrior
966 291 1076 325 instat

130 337 282 372 Lumina
299 339 497 372 diffundens
515 339 705 382 intendere,
723 343 758 372 et
775 338 876 372 obvia
893 342 991 371 torvo

130 382 264 429 Saepius
282 385 449 428 arripiens
466 385 666 427 infringere,
685 384 775 428 quod
794 396 855 417 sua
873 384 1057 429 quisquam

129 429 185 463 Ad
203 430 292 464 vada
309 430 480 464 venisset:
505 434 641 464 natur'e
659 434 837 483 comparat
855 441 975 470 arma,
967 443 974 449 ·

130 475 240 508 Ardet
257 479 384 518 mente,
401 476 489 509 furit
507 476 721 519 stridoribus,
739 476 878 510 intonat
895 487 975 517 ore;

130 520 297 554 Flexibus
315 521 440 555 eversis
457 525 641 565 torquetur
657 522 809 566 eorporis
826 521 943 561 orbes;

130 565 279 600 Manant
298 566 497 610 sanguineae
516 579 577 611 per
593 570 728 601 nactus
745 567 902 611 undique
920 570 1042 610 guttae,

129 611 279 656 Spiritus
297 617 332 646 et
349 612 483 665 rumpit
500 612 628 646 fauces
671 612 734 646 Cui
752 617 880 646 cuneta
896 613 1035 657 paranti
1184 612 1252 646 180
1310 611 1311 615 ’
1330 617 1334 630 ⁴

129 657 301 691 Parvulus
319 658 414 691 hune
431 658 524 702 prior
540 658 695 692 humoris
712 662 884 692 conterret
901 658 1074 702 alumnus,

129 703 176 736 Et
192 707 339 737 mortem
356 704 466 737 vitare
482 708 601 737 monet
619 715 680 747 per
697 704 859 737 acumina
875 716 881 738 :
907 715 1059 747 namque

131 749 207 789 Qua
225 749 369 782 diducta
385 761 492 792 genas
510 750 711 794 pandebant
728 749 863 783 lumina
879 750 1034 794 gemmis,

129 794 206 828 Hac
225 795 366 828 senioris
383 799 457 828 erat
474 799 609 828 naturae
630 795 773 838 pupula,
791 795 860 829 telo

130 839 206 873 Icta
222 840 300 874 levi.
342 841 431 873 Tum
450 841 610 884 prosiluit
628 840 849 881 furibundus,
867 844 902 874 et
919 840 1020 874 illum

130 885 307 919 obtritum
324 886 428 919 morti
445 886 541 919 misit
557 898 562 919 :
589 887 645 919 cui
663 886 806 919 dissitus
824 887 935 919 omnis

128 931 278 975 Spiritus
296 932 442 964 excessit
461 943 588 965 sensus.
630 932 719 964 Tum
737 935 836 965 torva
853 935 1032 965 tenentem

128 976 279 1010 Lumina
295 977 447 1020 respexit
465 981 660 1021 serpentem
677 977 833 1010 eominus
848 989 854 1011 :
881 977 961 1010 inde

130 1023 293 1066 Impiger,
311 1023 492 1065 exanimis,
510 1023 570 1056 vix
588 1033 726 1066 compos
742 1027 869 1065 mente,
886 1023 1029 1066 refugit,

128 1068 174 1101 Et
192 1068 347 1101 validum
365 1068 489 1101 dextra
506 1072 671 1101 truncum
689 1068 844 1101 detraxit
861 1068 904 1101 ab
921 1079 1004 1102 orno
1019 1080 1026 1103 :
1182 1069 1250 1105 190

131 1114 198 1154 Qui
216 1125 315 1147 casus
333 1114 477 1147 sociaret
494 1125 604 1158 opem,
622 1125 795 1148 numenve
812 1113 974 1147 Deorum.

128 1159 287 1203 Namque
304 1159 358 1192 illi
375 1159 554 1193 dederitne
571 1160 664 1193 viam
681 1170 833 1202 casusve,
851 1159 988 1203 deusve,

129 1205 276 1238 Prodere
294 1205 339 1238 sit
357 1205 523 1238 dubiiun:
549 1205 660 1238 voluit
677 1205 735 1238 sed
752 1205 889 1238 vincere
906 1205 994 1239 tales

129 1251 281 1285 Horrida
299 1251 470 1294 squamosi
487 1251 664 1284 volventia
681 1250 836 1284 membra
852 1251 1010 1284 draconis
1024 1262 1032 1285 :

128 1297 244 1339 Atque
261 1296 466 1330 reluctantis
484 1296 610 1330 crebris
626 1296 785 1340 foedeque
802 1297 953 1340 petentis

129 1341 262 1377 Ictibus
279 1353 354 1376 ossa
371 1343 462 1379 ferit
481 1343 630 1386 cingunt
647 1353 717 1385 qua
734 1345 891 1386 tempora
907 1342 1047 1376 cristae·
1038 1368 1047 1384 ,

128 1388 174 1421 Et
193 1388 283 1432 quod
301 1391 375 1421 erat
393 1388 524 1429 tardus,
543 1388 653 1421 somni
671 1388 838 1431 languore
855 1391 996 1431 remoto,

129 1434 273 1467 Nescius
290 1433 470 1477 aspidem,
488 1434 592 1467 timor
609 1433 843 1467 obcaecaverat
860 1437 978 1467 artus:

129 1479 205 1513 Hoc
221 1480 338 1512 minus
355 1479 532 1523 implicuit
549 1479 624 1512 dira
641 1479 827 1513 formidine
843 1482 1006 1513 mentem.

129 1526 240 1567 Quem
257 1529 441 1569 postquam
459 1525 549 1558 vidit
566 1537 693 1558 caesum
710 1525 942 1569 languescere,
960 1525 1060 1559 sedit.
1181 1525 1249 1561 200

174 1572 199 1605 J
201 1583 258 1604 ‘zm
276 1571 391 1613 quatit
408 1574 443 1604 et
459 1571 594 1614 bijuges
611 1571 722 1604 oriens
741 1570 851 1604 Erebo
869 1571 918 1604 cit
935 1581 1039 1615 equos
1056 1570 1146 1615 Nox,

127 1616 174 1650 Et
191 1617 289 1660 piger
306 1620 429 1650 aurato
446 1617 602 1661 procedit
620 1617 750 1661 Vesper
766 1615 810 1650 ab
828 1616 925 1655 OEta

128 1662 245 1702 Quum
262 1673 366 1715 grege
383 1663 559 1707 compulso
577 1666 704 1706 pastor,
722 1661 984 1707 duplicantibus
1000 1660 1143 1707 umbris,

127 1707 244 1746 Vadit,
253 1712 288 1741 et
305 1708 342 1741 in
358 1708 463 1742 fessos
479 1709 636 1751 requiem
653 1708 735 1742 dare
752 1710 930 1752 comparat
946 1711 1054 1742 artus.

127 1753 234 1797 Cujus
251 1757 292 1787 ut
308 1753 455 1788 intravit
471 1754 580 1788 levior
596 1766 658 1799 per
674 1765 816 1798 corpora
832 1764 982 1797 somnne,
