1330 1932
400 56 614 91 AENEIDOS
639 56 727 90 LIB.
753 55 814 90 IV.
1097 56 1163 88 159

48 125 219 168 Reginam
235 125 390 158 thalamo
407 128 632 158 cunctantem
649 124 694 157 ad
710 123 833 156 limina
849 122 952 167 primi

48 170 232 204 Poenorum
249 174 453 214 exspectant
466 183 475 211 ;
500 174 658 212 ostroque
675 169 821 212 insignis
838 173 874 201 et
890 179 972 201 auro

50 216 128 250 Stat
145 216 287 260 sonipeS,
306 227 345 249 ac
361 216 460 248 frena
475 215 572 248 ferox
589 215 787 259 spumantia
802 214 948 248 mandit.

48 262 204 295 Tandem
220 261 447 306 progreditur,
464 272 593 304 magna
610 261 761 304 stipante
778 263 926 302 caterva,

48 307 224 340 Sidoniam
241 307 333 350 picto
352 306 570 350 chlamydem
587 305 802 338 circumdata
818 304 923 338 limbo
938 317 945 338 :

49 352 111 385 Cui
129 353 291 396 pharetra
307 363 351 385 ex
367 363 460 394 auro,
478 352 588 384 crines
604 351 780 384 nodantur
796 351 833 383 in
850 362 985 392 aurum,

48 398 164 431 Aurea
180 409 392 442 purpuream
409 397 583 430 subnectit
599 397 707 430 fibula
723 400 854 429 vestem
869 408 876 430 ε

48 443 81 477 N
83 455 120 476 ec
136 455 206 476 non
223 448 258 476 et
274 443 419 486 Phrygii
437 443 577 476 comites
594 446 629 475 et
646 442 747 475 laetus
765 442 863 474 Iulus
1098 444 1163 474 140

49 488 233 522 Incedunt.
281 489 360 532 Ipse
376 492 458 522 ante
474 488 558 522 alios
575 488 830 532 pulcherrimus
848 498 967 520 omnes

51 534 163 567 Infert
180 546 214 567 se
233 535 362 568 socium
378 534 514 577 AEneas,
533 538 639 577 atque
656 533 796 577 agmina
808 533 950 576 jungit:

51 580 170 620 Qualis
186 580 248 613 ubi
263 580 444 612 hibernam
461 579 603 623 Lyciam
619 579 822 622 Xanthique
837 579 970 612 fluenta

50 625 195 669 Deserit,
214 637 253 659 ac
270 625 398 658 Delum
413 630 608 658 maternam
623 624 745 657 invisit
761 624 894 668 Apollo,

52 671 298 715 Instauratque
315 671 443 713 choros,
460 670 634 714 mixtique
650 670 774 703 altaria
791 670 921 702 circum

53 716 236 760 Cretesque
252 717 474 760 Dryopesque
491 716 646 748 fremunt
663 715 818 759 pictique
834 715 1024 759 Agathyrsi
1037 726 1045 749 ε

52 761 131 805 Ipse
143 762 239 805 jugis
257 762 386 805 Cynthi
402 761 572 805 graditur,
588 760 754 803 mollique
770 760 936 793 fluentem

51 806 186 840 Fronde
203 807 329 851 premit
346 807 477 839 crinem
492 806 636 849 fingens,
654 810 759 849 atque
775 806 934 849 implicat
950 817 1034 839 auro
1048 817 1059 847 3

51 852 133 885 Tela
150 856 274 885 sonant
290 852 452 886 humeris.
501 851 608 885 Haud
623 851 683 884 illo
702 851 836 894 segnior
853 851 927 885 ibat

51 897 177 931 AEneas
191 910 200 939 ;
224 902 363 931 tantum
380 898 516 941 egregio
534 897 638 930 decus
655 897 764 930 enitet
781 908 845 930 ore.
1102 898 1167 929 150

52 943 241 986 Postquam
257 943 345 976 altos
361 947 506 976 ventum
522 943 559 975 in
575 946 709 975 montes
727 947 832 986 atque
848 942 944 977 invia
959 941 1080 986 lustra,

51 988 141 1022 Ecce
157 989 246 1031 ferae,
264 989 339 1022 saxi
357 989 498 1032 dejectae
515 989 653 1031 vertice,
671 999 783 1032 caprae

52 1033 240 1067 Decurrere
252 1034 348 1078 jugis
363 1046 371 1075 3
396 1035 465 1068 alia
482 1035 524 1067 de
540 1038 639 1078 parte
656 1038 816 1078 patentes

52 1079 309 1112 Transmittuut
326 1091 428 1113 cursu
445 1091 584 1124 campos
601 1083 706 1123 atque
723 1080 864 1122 agmina
881 1079 973 1112 cervi

53 1124 302 1158 Pulverulenta
317 1126 404 1169 fuga
421 1125 624 1169 glomerant,
641 1129 844 1169 montesque
861 1125 1076 1169 relinquunt.

53 1170 102 1204 At
117 1182 204 1215 puer
219 1171 388 1204 Ascanius
404 1171 527 1204 mediis
543 1171 581 1204 in
597 1171 747 1204 vallibus
763 1171 835 1204 acri

55 1216 192 1249 Gaudet
208 1228 295 1260 equo
309 1228 318 1257 3
338 1218 483 1260 jamque
499 1216 560 1249 hos
578 1227 691 1259 cursu,
704 1217 778 1259 jam
795 1217 950 1260 praeterit
966 1216 1054 1259 illos,

54 1261 350 1305 Spumantemque
360 1262 442 1306 ⁴dari
458 1273 581 1305 pecora
598 1262 689 1294 inter
705 1262 831 1294 inertia
847 1262 936 1294 votis

56 1307 164 1351 Optat
180 1318 314 1350 aprum,
331 1311 393 1340 aut
409 1307 547 1340 fulvum
565 1307 769 1339 descendere
784 1311 902 1340 monte
918 1307 1061 1341 leonem.

102 1353 240 1385 Interea
256 1364 382 1396 magno
398 1353 534 1385 misceri
549 1364 727 1385 murmure
744 1352 868 1385 coelum
1102 1354 1169 1386 160

55 1397 187 1442 Incipit
201 1409 208 1431 :
233 1398 428 1442 insequitur
445 1398 634 1431 commixta
650 1398 819 1441 grandine
836 1397 985 1432 nimbus.

55 1443 102 1476 Et
118 1443 213 1486 Tyrii
230 1444 370 1476 comites
386 1444 524 1488 passim,
542 1447 577 1476 et
594 1443 740 1486 Trojana
751 1444 930 1487 juventus,

55 1488 322 1532 Dardaniusque
338 1501 444 1533 nepos
462 1489 614 1531 Veneris,
633 1489 768 1522 diversa
784 1500 845 1532 per
860 1500 959 1532 agros

56 1534 162 1568 Tecta
176 1539 274 1568 metu
290 1535 421 1578 petiere
435 1547 442 1569 :
466 1539 575 1568 ruunt
593 1535 635 1567 de
650 1534 826 1567 montibus
843 1546 971 1568 amneS.

57 1580 265 1624 Speluncam
281 1580 371 1613 Dido
389 1581 462 1613 dux
479 1585 514 1613 et
530 1581 696 1624 Trojanus
714 1580 859 1613 eandem

58 1626 266 1660 Deveniunt.
315 1626 432 1659 Prima
449 1630 484 1659 et
501 1626 617 1659 Tellus
633 1630 670 1659 et
685 1624 841 1670 pronuba
857 1625 884 1659 J
884 1636 954 1659 uno

58 1671 154 1705 Dant
171 1671 309 1714 signum
323 1683 330 1705 :
354 1671 482 1704 fulsere
498 1672 605 1715 ignes,
623 1675 658 1704 et
675 1671 830 1704 conscius
847 1671 957 1704 aether

62 1716 248 1750 Connubiis
261 1729 271 1758 ;
295 1728 497 1761 summoque
513 1717 696 1751 ulularunt
712 1717 841 1751 vertice
857 1716 1042 1761 Nymphae.
