1345 1927
144 61 190 92 34
474 58 513 93 P.
539 59 743 92 VIRGILII
768 59 982 95 MARONIS

145 124 278 157 Felices
291 135 442 168 operum.
491 124 660 165 Quintam
676 125 760 168 fuge
774 138 783 167 ;
808 126 960 170 pallidus
978 126 1085 161 Orcus

143 169 425 213 Eumenidesque
441 173 524 203 satae
539 182 548 210 ;
572 174 650 202 tum
666 175 770 214 partu
788 171 893 205 Terra
908 173 1059 206 nefando

144 215 334 259 Coeumque
352 216 585 259 Iapetumque
602 221 705 258 creat,
723 227 923 260 saevumque
940 218 1105 263 Typhoea,

142 260 190 294 Et
207 263 404 305 conjuratos
421 261 547 294 coelum
563 261 756 294 rescindere
771 262 906 296 fratres.
1198 266 1267 298 280

142 307 210 340 Ter
227 312 309 340 sunt
326 307 442 340 conati
458 307 635 350 imponere
652 306 748 340 Pelio
766 307 886 341 Ossam

142 352 292 395 Scilicet,
309 356 416 396 atque
434 352 526 386 Ossae
543 352 745 386 frondosum
761 353 938 387 involvere
955 354 1144 400 Olympum
1158 367 1166 389 :

141 398 208 432 Ter
224 398 329 432 Pater
346 402 523 431 extructos
540 398 676 441 disjecit
692 398 840 432 fulmine
856 406 999 435 montes.
1341 374 1345 456 4

141 444 298 488 Septima
314 448 391 488 post
408 444 577 477 decimam
594 443 690 486 felix,
709 448 743 477 et
759 456 886 488 ponere
903 446 1019 490 vitem,

140 489 188 523 Et
204 502 344 534 prensos
361 490 529 523 domitare
546 489 657 532 boves,
676 494 711 523 et
727 490 808 523 licia
826 491 904 524 telae

138 536 286 570 Addere.
335 535 436 569 Nona
452 535 546 578 fugae
562 535 693 578 melior,
711 537 884 569 contraria
900 537 1012 571 furtis.

186 582 305 615 Multa
321 581 405 615 adeo
419 581 535 624 gelida
551 580 676 613 melius
693 592 728 614 se
745 586 847 614 nocte
864 581 998 626 dedere,

139 627 214 661 Aut
231 639 340 671 quum
357 627 426 660 sole
443 637 531 659 novo
548 630 657 660 terras
674 626 798 660 irrorat
815 627 917 660 Eous.

138 672 250 706 Nocte
266 673 358 706 leves
375 672 500 706 melius
518 672 667 716 stipulae,
684 676 785 705 nocte
802 673 900 706 arida
916 676 1019 717 prata

138 718 342 752 Tondentur
355 731 364 760 3
389 722 506 752 noctes
522 718 639 751 lentus
656 729 725 751 non
743 718 859 752 deficit
876 719 1010 753 humor.
1195 722 1267 754 290

137 763 186 798 Et
205 765 348 808 quidam
365 775 454 797 seros
471 763 608 797 hiberni
625 764 669 809 ad
686 764 829 797 luminis
846 764 944 808 ignes

137 809 341 854 Pervigilat,
358 811 520 853 ferroque
537 810 629 842 faces
646 810 796 853 inspicat
813 814 917 843 acuto
930 823 940 852 ;

137 854 278 890 Interea
294 856 439 900 longum
455 860 563 889 cantu
580 855 690 888 solata
706 855 859 889 laborem

136 901 272 945 Arguto
290 904 419 946 conjux
436 901 606 946 percurrit
623 902 761 945 pectine
778 901 865 934 telas
880 914 888 943 3

135 947 211 981 Aut
228 948 339 981 dulcis
355 947 464 980 musti
481 947 639 980 Vulcano
657 947 819 990 decoquit
836 947 1018 982 humorem

136 991 184 1028 Et
200 994 292 1027 foliis
308 993 440 1026 undam
457 992 585 1036 trepidi
603 993 787 1036 despumat
803 993 917 1027 aheni.

183 1040 232 1072 At
249 1039 446 1073 rubicunda
464 1038 562 1071 Ceres
579 1039 693 1071 medio
711 1039 903 1072 succiditur
919 1042 1008 1073 aestu
1022 1051 1032 1081 ;

134 1084 183 1119 Et
199 1085 312 1119 medio
330 1089 438 1118 tostas
456 1088 543 1117 aestu
560 1084 643 1117 terit
661 1096 741 1118 area
757 1085 885 1128 fruges.

135 1129 262 1164 Nudus
279 1142 348 1174 ara,
367 1142 439 1164 sere
455 1130 571 1163 nudus
586 1142 594 1171 3
618 1130 729 1163 hiems
745 1130 874 1174 ignava
892 1131 1020 1165 colono.

135 1175 336 1220 Frigoribus
352 1180 452 1220 parto
470 1175 628 1219 agricolae
645 1176 852 1220 plerumque
868 1176 1046 1221 fruuntur,
1193 1180 1261 1212 300

133 1221 332 1267 'Mutuaque
349 1223 441 1255 inter
458 1233 493 1255 se
509 1221 581 1255 laeti
599 1222 758 1255 conn'via
775 1227 908 1255 curant.

135 1267 272 1302 Invitat
288 1268 435 1312 genialis
452 1267 562 1300 hiems
582 1279 751 1311 curasque
767 1268 909 1301 resolvit
923 1280 930 1302 :

134 1314 207 1347 Ceu
223 1325 347 1359 pressae
366 1325 475 1357 quum
483 1314 559 1356 jam
575 1317 715 1357 portum
731 1314 878 1358 tetigere
895 1314 1032 1358 cafinae,

133 1359 317 1404 Puppibus
334 1363 369 1393 et
385 1359 459 1393 laeti
475 1363 591 1392 nautae
609 1359 802 1403 imposuere
819 1371 969 1394 coronas.

135 1405 203 1439 Sed
219 1411 338 1439 tamen
355 1410 390 1439 et
407 1417 554 1450 quernas
571 1405 715 1449 glandes
733 1410 810 1438 tum
827 1406 996 1449 stringere
1012 1409 1161 1452 tempus,

133 1450 181 1485 Et
198 1452 289 1485 lauri
305 1452 437 1494 baccas,
456 1451 643 1495 oleamque,
662 1455 874 1496 cruentaque
891 1456 1007 1495 myrta
1020 1465 1030 1494 ;

133 1496 224 1530 Tum
241 1497 385 1541 gruibus
402 1497 542 1541 pedicas
559 1502 594 1530 et
610 1497 699 1530 retia
715 1509 841 1541 ponere
858 1498 977 1541 cervis,

131 1542 344 1587 Auritosque
362 1543 458 1587 sequi
474 1543 606 1587 lepores
620 1555 628 1583 ;
653 1547 731 1576 tum
747 1543 852 1586 figere
869 1544 997 1587 damas,

133 1587 290 1633 Stuppea
306 1593 525 1632 torquentem
542 1589 695 1622 Balearis
709 1589 850 1622 verbera
865 1589 985 1623 fundae
999 1601 1007 1624 :

133 1635 251 1677 Quum
267 1635 331 1668 nix
347 1635 420 1668 alta
431 1635 535 1678 jacet,
552 1634 700 1678 glaciem
718 1646 827 1678 quum
843 1635 989 1669 flumina
1005 1636 1165 1671 trudunt.
1189 1639 1258 1671 310

181 1681 273 1722 Quid
291 1685 514 1725 tempestates
531 1681 713 1714 auctumni
731 1685 767 1714 et
783 1681 895 1714 sidera
912 1681 1024 1715 dicam
1040 1681 1052 1716 2

130 1725 260 1771 Atque,
277 1727 337 1760 ubi
349 1728 424 1771 jam
440 1726 645 1771 breviorque
663 1727 734 1760 dies
752 1731 787 1760 et
802 1727 938 1761 mollior
955 1732 1066 1771 aestas,
