1345 1927
108 55 175 88 296
415 49 452 83 P.
479 47 688 82 VIRGILII
715 45 930 81 MARONIS

110 116 281 151 Coelicolae
300 126 439 150 assensu
457 114 562 148 vario.
612 113 682 147 Ceu
699 113 843 146 flamina
859 111 972 156 prima

110 164 226 204 Quum
244 162 414 206 deprensa
431 160 585 194 fremunt
603 159 708 201 silvis,
726 163 761 191 et
778 168 869 191 eaeca
886 156 1048 189 volutant

109 208 303 249 Murmura,
321 210 485 241 venturos
502 205 619 239 nautis
638 204 819 248 prodentia
837 208 967 236 ventos.

108 253 198 287 Tum
215 254 320 287 Pater
337 252 563 296 omnipotens,
581 261 696 283 rerum
713 250 769 282 cui
787 259 922 282 summa
939 250 1099 291 potestas,
1164 246 1229 277 100

111 299 205 333 Infit.
254 299 304 332 Eo
321 298 459 331 dicente
476 296 581 330 deum
598 296 719 329 domus
737 295 809 328 alta
826 294 954 327 silescit
969 305 977 333 ;

111 344 158 378 Et
174 344 379 378 tremefacta
396 343 465 376 solo
483 342 587 376 tellus
602 354 610 382 ;
636 341 714 374 silet
731 341 860 373 arduus
879 339 985 372 aether
999 350 1008 379 ;

110 390 199 423 'rum
217 390 358 434 zephyri
376 400 518 434 posuere
533 400 541 429 ;
566 387 693 432 premit
710 386 847 430 placida
865 395 1003 428 aequora
1020 386 1156 427 pontus.

113 434 131 452 “
145 435 297 477 Accipite
315 445 394 476 ergo
411 435 536 466 animis
554 437 658 476 atque
675 433 750 465 haec
766 443 842 464 mea
859 431 957 473 figite
975 429 1081 462 dicta.

112 478 401 522 Quandoquidem
419 477 587 510 Ausonios
606 475 770 519 conjungi
787 475 914 507 foedere
932 473 1070 506 Teucris

111 523 218 558 Haud
237 524 372 557 licitum
391 536 400 564 3
425 534 488 556 nec
506 527 620 555 vestra
638 521 733 564 capit
749 520 919 553 discordia
937 520 1040 552 finem
1055 530 1062 552 :

112 570 197 611 Quae
215 570 340 613 cuique
359 573 410 602 est
426 568 568 601 fortuna
585 567 696 609 hodie,
715 577 820 609 quam
837 566 982 609 quisque
999 568 1092 598 secat
1109 574 1220 608 spem,

111 615 193 648 Tros
212 615 408 648 Rutulusve
425 614 511 656 fuat,
529 613 626 646 nullo
644 611 842 644 discrimine
858 610 990 644 habebo
1006 622 1015 651 ς

111 660 180 694 Seu
197 661 278 694 fatis
298 660 429 693 Italum
446 663 560 692 eastra
576 658 752 691 obsidione
769 660 942 698 tenentur,

111 705 191 740 Sive
208 717 319 739 errore
335 705 427 738 malo
444 705 553 748 Trojae
570 704 779 747 monitisque
797 702 953 735 sinistris.
1165 701 1230 733 110

110 751 144 784 N
146 763 184 785 ec
203 752 351 785 Rutulos
369 751 471 784 solvo.
521 750 591 784 Sua
609 749 732 792 cuique
751 759 871 781 exorsa
888 747 1039 781 laborem

111 797 374 840 Fortunamque
390 796 512 829 ferent.
562 795 637 828 Rex
656 794 798 838 Jupiter
815 793 974 827 omnibus
990 792 1091 826 idom.

111 840 200 875 Fata
217 842 309 874 viam
326 841 535 874 invenient.''
588 840 701 883 Stygii
719 849 778 882 per
794 837 941 870 flumina
958 837 1087 878 fratris,

110 885 177 920 Per
192 888 269 931 pice
286 890 455 920 torrentes
471 890 617 929 atraque
634 885 798 928 voragine
814 885 908 928 ripas

109 933 257 975 Annuit,
275 936 310 966 et
327 935 442 965 totum
458 936 550 964 nutu
566 931 761 964 tremefecit
779 930 976 974 Olympum.

71 988 76 991 ·
110 978 180 1012 Hic
197 978 276 1011 finis
292 977 400 1011 fandi.
450 977 541 1010 Solio
558 981 635 1010 tum
652 976 795 1020 Jupiter
811 987 915 1009 aureo

109 1023 239 1067 Surgit,
257 1023 420 1057 coelicolae
436 1023 591 1056 medium
611 1033 714 1066 quem
731 1022 775 1055 ad
793 1021 915 1054 limina
932 1020 1076 1054 ducunt.

156 1070 295 1103 Interea
313 1068 437 1102 Rutuli
455 1069 562 1112 portis
580 1068 709 1101 circum
727 1067 886 1100 omnibus
903 1067 1037 1100 instant

110 1114 269 1149 Sternere
286 1114 379 1148 caede
396 1114 497 1157 viros,
514 1117 550 1147 et
566 1113 694 1146 moenia
710 1113 848 1156 cingere
864 1112 1021 1146 fiammis.

109 1161 159 1195 At
177 1160 267 1204 legio
284 1160 481 1193 AEneadum
498 1159 599 1193 vallis
617 1159 751 1192 obsessa
768 1162 908 1192 tenetur
922 1170 931 1199 ;
1165 1159 1230 1191 120

108 1206 142 1240 N
144 1217 182 1239 ec
200 1217 275 1250 spes
292 1206 366 1239 ulla
382 1206 485 1249 fugae.
535 1205 654 1238 Miseri
672 1208 768 1238 stant
785 1204 940 1237 turribus
956 1202 1038 1237 altis

108 1252 365 1295 Nequidquam,
382 1255 418 1284 et
434 1262 513 1285 rara
528 1261 646 1284 muros
663 1251 802 1284 cinxere
819 1260 964 1283 corona:

108 1298 212 1331 Asius
231 1297 450 1340 Imbrasides,
469 1296 766 1340 Hicetaoniusque
784 1295 993 1339 Thymoetes,

108 1343 337 1387 Assaracique
355 1343 433 1386 duo,
451 1347 486 1377 et
504 1343 615 1376 senior
632 1353 712 1375 cum
730 1342 869 1375 Castore
886 1339 1080 1384 Thymbria,

109 1388 226 1422 Prima
242 1389 342 1423 acies.
392 1388 466 1422 Hos
483 1388 639 1432 germani
656 1387 863 1432 Sarpedonis
879 1386 990 1429 ambo,

107 1434 155 1468 Et
173 1434 292 1468 Clarus
309 1438 345 1468 et
362 1434 526 1477 Themon,
545 1434 652 1478 Lycia
668 1433 881 1467 comitantur
898 1432 941 1466 ab
958 1431 1040 1466 alta..

107 1479 191 1513 Fert
207 1480 331 1524 ingens
348 1483 422 1514 toto
439 1480 609 1513 connixus
627 1490 766 1523 corpore
779 1489 913 1521 saxum,

107 1525 215 1559 Haud
233 1529 368 1569 partem
385 1526 551 1569 exiguam
566 1525 704 1568 montis,
723 1523 925 1568 Lyrnessius
942 1523 1086 1566 Acmon,

107 1570 141 1604 N
143 1582 180 1604 ec
198 1571 311 1615 Clytio
328 1571 484 1615 genitore
500 1571 622 1612 minor,
640 1582 704 1604 nee
720 1571 829 1603 fratre
845 1569 1057 1603 Menestheo.

108 1616 158 1649 Hi
170 1616 309 1660 jaculis,
326 1617 380 1650 illi
397 1620 533 1650 certant
551 1616 734 1650 defendere
753 1615 855 1658 saxis,
1163 1615 1228 1648 130

107 1660 293 1705 Molirique
310 1662 436 1706 ignem,
453 1673 626 1706 nervoque
644 1666 764 1706 aptare
781 1661 935 1704 sagittas.

108 1706 187 1752 Ipse
202 1707 294 1742 inter
310 1708 451 1752 medios,
468 1707 611 1742 Veneris
623 1707 818 1751 justissima
835 1717 927 1750 cura,
