1320 1932
413 86 632 119 AENEIDOS
658 87 744 120 LIB.
772 86 852 120 XII.
1120 86 1187 119 357

74 153 242 196 Ignorans
257 166 265 194 ;
290 153 473 198 subitoque
490 155 599 187 omnis
617 155 659 187 de
676 166 816 198 corpore
832 154 926 198 fugit

74 198 211 243 Quippe
228 199 346 240 dolor;
371 201 481 233 omnis
499 201 597 233 stetit
614 201 683 233 imo
700 200 843 242 vulnere
861 199 1011 243 sanguis.
1063 218 1066 221 Δ

72 244 224 289 Jamque
241 250 359 279 secuta
375 257 528 287 manum⁷
545 246 642 279 nullo
661 250 814 289 cogente,
832 246 961 288 sagitta

72 289 224 333 Excidit,
241 296 348 333 atque
364 303 461 324 novae
473 292 609 330 ⁴rediere
625 292 663 324 in
680 291 829 334 pristina
845 292 943 325 vires.

74 335 212 367 “Arma
228 335 289 368 citi
306 339 487 379 properate
507 335 580 367 viro
597 338 604 369 !
632 335 715 378 quid
735 335 834 368 statis
848 334 881 367 T’
909 334 1004 378 Iapis

73 378 282 422 Conclamat,
301 381 499 424 primusque
516 381 648 414 animos
665 380 825 414 accendit
841 381 877 412 in
895 379 1039 414 hostem.

73 425 91 441 ‘⁶
105 425 183 458 Non
200 425 274 459 haec
290 425 453 459 humanis
470 425 602 470 opibus,
618 437 687 459 non
705 431 778 459 arte
794 426 962 468 magistra

72 470 296 514 Proveniant,
313 482 425 515 neque
442 475 487 513 te,
506 471 626 513 AEnea,
643 481 720 502 mea
737 469 881 502 dextera
898 471 1013 502 servat
1028 479 1036 507 ;

72 516 186 561 Major
201 517 277 560 agit
293 517 388 560 deus,
406 521 512 560 atque
529 527 632 560 opera
650 515 695 548 ad
711 516 843 558 majora
858 514 1039 547 remittit.’'

73 562 140 597 Ille
156 563 280 597 avidus
297 574 426 607 pugnae
444 574 540 596 suras
557 562 747 595 incluserat
765 571 849 594 auro
1122 561 1190 592 430

72 608 167 642 Hinc
183 613 290 652 atque
306 609 398 650 hinc,
416 608 558 652 oditque
575 618 696 648 moras,
714 607 920 650 hastamque
937 608 1104 639 coruscat.

72 654 261 698 Postquam
278 654 405 688 habilis
422 654 525 687 lateri
542 653 674 698 clipeus
691 653 865 696 loricaque
883 656 980 695 tergo
997 655 1060 694 est,

71 700 261 734 Ascanium
277 701 366 733 fusis
383 700 514 733 circum
531 699 774 743 complectitur
790 698 905 740 armis,

71 746 283 790 Summaque
299 757 360 790 per
376 746 511 789 galeam
529 744 685 778 delibans
702 744 819 777 oscula
835 744 945 777 fatur:

74 793 95 808 “
105 790 219 834 Disce,
237 804 332 837 puer,
350 792 519 826 virtutem
536 802 580 825 ex
597 801 652 823 me
669 799 860 832 verumque
877 787 1030 820 laborem
1043 798 1054 829 3

72 837 265 870 Fortunam
282 848 325 870 ex
342 837 428 870 aliis.
469 837 501 869 N
507 847 572 869 unc
590 840 624 868 te
640 846 718 868 mea
735 835 879 867 dextera
897 834 986 867 bello

71 882 262 916 Defensum
279 882 387 926 dabit,
405 886 439 915 et
456 893 585 925 magna
601 881 694 914 inter
710 880 853 924 praemia
870 879 983 913 ducet.

71 928 123 962 Tu
140 928 257 972 facito,
269 939 352 961 mox
370 939 478 972 quum
494 932 633 961 matura
650 926 840 960 adoleverit
857 931 952 968 aetas,

71 974 125 1008 Sis
141 986 279 1017 memor,
298 978 333 1008 et
349 978 394 1017 te,
412 974 528 1007 animo
544 978 760 1017 repetentem
777 971 937 1015 exempla
954 975 1106 1014 tuorum,

71 1020 118 1054 Et
134 1024 234 1064 pater
249 1020 388 1063 AEneas,
407 1025 441 1053 et
459 1019 654 1053 avunculus
671 1018 802 1051 excitet
820 1015 980 1051 Hector.”
1123 1018 1191 1049 440

119 1066 205 1100 Haec
221 1066 283 1099 ubi
299 1066 393 1099 dicta
411 1066 517 1108 dedit,
534 1065 643 1109 portis
661 1076 731 1098 sese
749 1063 880 1097 extulit
897 1063 1030 1106 ingens,

71 1112 194 1145 Telum
211 1112 361 1145 immane
377 1123 485 1145 manu
502 1111 663 1155 quatiens
677 1122 684 1144 t
710 1109 814 1143 simul
831 1109 969 1152 agmine
987 1109 1094 1141 denso

71 1158 300 1202 Antheusque
316 1157 592 1201 Mnestheusque
609 1160 718 1189 ruunt
734 1168 742 1196 ;
767 1155 946 1198 omm‘sque
963 1154 1094 1188 relic-tis

72 1204 188 1237 Turba
205 1203 284 1237 fluit
302 1204 431 1237 castris.
473 1203 563 1236 Tum
581 1214 669 1236 caeco
688 1201 829 1246 pulvere
847 1212 991 1244 campus

72 1249 251 1292 Miscetur,
268 1249 442 1293 pulsuque
458 1249 588 1293 pedum
605 1248 724 1282 tremit
741 1247 858 1280 excita
875 1246 990 1280 tellus.

72 1295 173 1329 Vidit
190 1294 233 1328 ab
250 1295 393 1328 adverso
410 1295 588 1328 venientes
605 1305 730 1337 aggere
747 1293 895 1335 Turnus⁷

73 1342 198 1375 Videre
217 1341 372 1382 Ausonii7
391 1341 594 1384 gelidusque
611 1351 671 1384 per
688 1340 758 1372 ima
776 1338 931 1371 cucurrit

73 1387 158 1421 Ossa
176 1392 311 1420 tremor.
353 1386 470 1420 Prima
487 1390 569 1419 ante
586 1396 703 1419 omnes
720 1385 745 1418 J
748 1389 877 1418 uturna
894 1383 1035 1417 Latinos

71 1433 197 1466 Audiit
213 1432 425 1476 agnovitque
443 1443 575 1473 sonum,
593 1435 628 1464 et
645 1431 849 1464 tremefacta
864 1429 1006 1473 refugit,

72 1479 138 1512 Ille
155 1478 259 1520 volat,
278 1489 467 1522 campoque
484 1486 600 1511 atrum
616 1477 709 1520 rapit
726 1487 852 1519 agmen
868 1481 988 1519 aperto
1003 1487 1010 1509 :
1123 1476 1192 1509 450

73 1525 194 1566 Qualis
210 1524 271 1557 ubi
289 1524 333 1558 ad
350 1529 459 1557 terras
475 1523 624 1567 abrupto
641 1523 751 1555 sidere
767 1522 906 1555 nimbus

73 1571 109 1604 It
125 1582 219 1604 mare
236 1582 298 1614 per
313 1570 467 1603 medium
481 1582 487 1602 :
512 1569 655 1611 miseris,
672 1568 751 1610 heu,
769 1567 912 1611 praescia
928 1567 1031 1611 longe

73 1616 289 1650 Horrescunt
306 1616 409 1648 corda
425 1615 605 1659 agricolis3
630 1614 727 1647 dabit
744 1614 804 1647 ine
820 1613 939 1646 ruinas

73 1662 272 1705 Arboribus,
291 1667 510 1705 stragemque
528 1661 631 1701 satis;
655 1664 734 1693 ruet
751 1660 867 1693 omnia
884 1659 975 1700 late;

73 1708 167 1741 Ante
184 1708 313 1749 volant,
331 1707 554 1750 sonitumque
570 1707 690 1739 ferunt
707 1706 751 1739 ad
769 1705 872 1738 litora
888 1705 1006 1739 venti:

74 1753 167 1788 Talis
183 1754 221 1787 in
237 1753 397 1787 adversos
414 1753 538 1787 ductor
555 1752 738 1786 Rhoete'ius
755 1751 870 1785 hostes
