1345 1927
119 58 164 91 52
431 56 469 91 P.
488 56 692 90 VIRGILII
718 56 934 91 MARONIS

120 122 194 161 Nec
210 133 279 161 non
297 122 451 165 Ausonii,
468 122 570 165 'froja
586 134 670 166 gens
686 122 801 166 missa,
818 123 930 156 coloni

121 168 287 202 Versibus
304 169 465 202 incomtis
481 168 611 201 ludunt
628 168 768 212 risuque
785 168 907 212 soluto,

122 214 259 258 Oraque
276 214 462 247 corticibus
479 218 622 247 sumunt
639 214 810 247 horrenda
826 214 957 248 cavatis
974 227 983 255 ;

121 260 168 294 Et
185 264 230 303 te,
247 260 393 303 Bacche,
410 264 536 293 vocant
552 270 613 303 per
630 259 785 293 carmina
801 259 892 304 laeta,
909 259 1044 305 tibique

123 305 252 339 Oscilia
269 317 313 339 ex
329 305 403 339 alta
419 305 638 349 suspendunt
654 305 773 338 mollia
789 306 886 349 pinu.

90 351 218 395 ,9Hinc
236 351 346 385 omnis
363 351 459 394 largo
476 350 635 395 pubescit
653 351 755 385 vinea
770 351 848 384 fetu
861 364 870 393 ;
1175 353 1244 386 390

123 397 348 442 Complentur
365 397 541 441 vallesque
558 408 650 430 cavae
668 396 846 441 saltusque
862 397 1038 441 profundi,

123 443 169 477 Er,
187 455 404 488 quocumque
421 443 506 476 deus
523 443 654 476 circum
670 446 777 487 caput
794 443 865 486 egit
881 443 1076 478 honestum.

124 489 216 533 Ergo
231 490 300 522 rite
317 501 418 522 suum
435 489 571 522 Baccho
588 489 741 522 dicemus
758 489 923 522 honorem

125 535 343 568 Carminibus
360 534 492 579 patrii5‚
511 534 695 578 lancesque
711 539 747 568 et
763 533 834 568 liba
850 535 1000 568 feremus
1013 547 1023 577 ς

124 581 171 614 Et
189 581 316 614 ductus
333 592 440 614 cornu
457 580 564 614 stabit
581 591 675 613 sacer
690 580 807 613 hircus
825 580 869 613 ad
886 592 992 624 aram,

126 626 347 671 Pinguiaque
363 627 401 660 in
417 626 555 660 veribus
572 625 779 659 torrebimus
796 630 879 659 exta
896 626 1056 661 colurnis.

171 673 235 706 Est
252 673 359 706 etiam
375 672 434 706 isse
450 671 547 705 labor
563 671 725 705 curandis
742 671 872 705 vitibus
888 671 986 715 alter,

127 718 191 752 Oui
207 730 388 763 nunquam
405 718 568 751 exhausti
586 717 669 751 satis
686 722 738 751 est
754 729 760 750 :
778 729 929 762 namque
943 729 1043 751 omne
1059 717 1248 762 quotannis

127 765 260 808 'Perque
278 768 470 808 quaterque
487 764 598 797 solum
615 763 853 806 scindendum,
871 764 1040 808 glebaque
1057 764 1163 797 versis

126 810 315 844 AEternum
331 810 525 854 frangenda
541 809 740 843 bidentibus
754 821 763 850 ;
788 821 889 843 omne
905 809 1095 843 levandum
1179 810 1249 843 400

127 856 263 889 Fronde
279 867 401 889 nemus
416 869 424 897 ;
448 855 539 889 redit
556 855 715 899 agricolis
731 854 828 888 labor
844 859 944 889 actus
960 855 998 888 in
1015 855 1140 900 orbem,

127 902 244 946 Atque
261 902 298 934 in
316 913 351 935 se
368 913 431 935 sua
446 913 508 946 per
524 902 671 945 vestigia
687 901 842 935 volvitur
857 912 979 935 annus.

127 947 179 981 Ac
191 949 267 991 jam
283 947 376 991 olim,
394 959 484 980 seras
499 947 616 991 posuit
633 958 742 991 quum
758 948 861 980 vinea
876 947 1026 991 frondes,

129 993 292 1037 Frigidus
311 998 345 1027 et
363 993 459 1027 silvis
476 993 592 1037 aquilo
610 993 762 1039 decyjsit
778 993 943 1026 honorem
957 1005 967 1034 ;

128 1040 154 1073 J
156 1051 212 1073 am
229 1044 306 1073 tum
323 1051 401 1073 acer
418 1050 517 1072 curas
534 1039 732 1072 venientem
749 1039 909 1072 extendit
925 1039 963 1072 in
979 1050 1112 1073 annum

129 1085 303 1128 Rusticus,
321 1090 356 1119 et
374 1097 478 1118 curvo
496 1084 638 1118 Saturni
655 1085 759 1118 dente
775 1084 934 1118 relictam

129 1131 355 1175 Persequitur
371 1131 479 1164 vitem
495 1131 690 1173 attondens,
708 1131 880 1175 fingitque
897 1130 1062 1174 putando.

130 1176 268 1210 Primus
284 1177 431 1210 humum
448 1176 567 1219 fodito,
584 1177 717 1221 primus
734 1176 877 1210 devecta
894 1180 1045 1210 cremato

130 1222 321 1266 Sarmenta,
339 1227 374 1256 et
389 1222 498 1256 vallos
515 1222 647 1266 primus
665 1222 728 1255 sub
745 1226 838 1255 tecta
854 1222 980 1255 referto
994 1234 1004 1264 3

130 1268 328 1311 Postremus
344 1269 476 1302 metito.
523 1268 583 1301 Bis
600 1268 730 1301 vitibus
746 1268 880 1311 ingruit
897 1268 1021 1302 umbra
1035 1280 1044 1310 ;
1183 1269 1252 1301 410

130 1314 190 1347 Bis
207 1319 357 1358 segetem
375 1314 489 1347 densis
506 1313 685 1347 obducunt
703 1314 857 1347 sentibus
873 1313 988 1347 herbae
1002 1327 1012 1356 ;

130 1359 248 1394 Durus
266 1365 412 1404 uterque
428 1359 532 1394 labor.
581 1359 738 1393 Laudato
755 1360 913 1403 ingentia
929 1371 1021 1403 rura,

130 1406 311 1450 Exiguum
328 1406 439 1440 colito.
487 1405 520 1439 N
523 1417 560 1439 ec
576 1417 646 1439 non
664 1406 771 1439 etiam
787 1417 908 1450 aspera
924 1406 1015 1440 rusci

131 1452 273 1485 Vimina
289 1463 350 1496 per
367 1452 500 1495 silvam,
517 1455 552 1484 et
568 1452 653 1496 ripis
669 1451 821 1485 fluvialis
837 1451 970 1486 arundo

132 1498 295 1540 Caeditur,
313 1497 509 1542 incultique
526 1501 664 1531 exercet
681 1509 764 1531 cura
781 1498 905 1532 salicti.

131 1544 157 1577 J
159 1555 216 1577 am
233 1544 360 1577 vinctae
378 1544 475 1587 vites,
488 1545 563 1588 jam
579 1543 705 1577 falcem
721 1543 863 1577 arbusta
878 1547 1062 1588 reponunt,

132 1590 157 1623 J
159 1601 216 1622 am
233 1590 328 1623 canit
344 1594 517 1623 extremos
534 1590 657 1623 effetus
675 1590 804 1623 vinitor
819 1593 919 1623 antes
933 1601 940 1624 :

132 1635 359 1669 Sollicitanda
376 1640 494 1669 tamen
510 1636 625 1678 tellus,
643 1635 826 1680 pulvisque
842 1635 1032 1669 movendus
1047 1647 1056 1677 ;

131 1681 179 1715 Et
190 1682 266 1725 jam
282 1682 428 1715 maturis
444 1682 652 1715 metuendus
669 1681 812 1726 Jupiter
828 1682 913 1715 uvis.

181 1727 308 1761 Contra
324 1739 394 1761 non
411 1727 485 1761 ulla
501 1732 553 1761 est
570 1727 652 1761 oleis
670 1728 818 1772 cultura,
835 1738 947 1772 neque
963 1726 1033 1761 illae
1184 1728 1254 1760 420
