1330 1932
423 44 641 79 AENEIDOS
670 44 760 78 LIB.
787 45 828 79 V.
1035 96 1043 101 r
1121 45 1186 82 177

70 111 160 144 Bina
175 110 280 144 boum
296 110 391 144 vobis
409 111 509 155 Troja
525 115 710 154 generatus
728 111 867 145 Acestes

69 156 140 190 Dat
155 168 299 190 numero
317 157 433 200 capita
449 157 486 189 in
503 168 608 191 naves
622 169 630 198 ;
655 157 818 190 adhibete
834 162 977 201 penates

68 202 114 236 Et
130 202 261 246 patrios
278 203 400 246 epulis,
417 207 453 235 et
470 213 554 246 quos
571 202 654 236 colit
671 202 794 246 hospes
810 203 960 238 Acestes.

67 247 249 290 Praeterea,
266 248 295 281 si
311 259 402 281 nona
419 248 511 280 diem
527 248 731 281 mortalibus
748 248 880 282 almum

67 293 202 327 Aurora
218 294 385 327 extulerit
401 293 576 337 radiisque
591 295 758 327 retexerit
775 294 900 338 orbem,

66 338 183 372 Prima
200 339 277 372 citae
295 339 434 372 Teucris
451 350 578 383 ponam
595 340 920 378 certamina.classis
934 354 943 382 3

67 384 202 428 Quique
219 385 348 428 pedum
365 396 469 418 cursu
486 385 589 428 valet,
608 391 642 418 et
660 386 719 429 qui
737 385 867 419 viribus
884 387 1001 421 audax

63 430 137 464 Aut
149 431 268 474 jaculo
284 431 416 464 incedit
432 431 553 464 melior
568 431 771 475 levibusque
788 432 934 476 sagittis,

63 475 131 509 Seu
149 477 253 509 crud»
270 476 348 510 fidjt
365 488 519 520 pugnam
537 477 751 510 committere
768 482 865 511 cestu
879 491 888 519 3

64 521 188 555 Cuncti
205 523 330 566 adsint,
348 523 549 566 meritaeque
566 527 769 566 exspectent
785 524 930 567 praemia
946 525 1080 569 palmae.
1137 527 1180 562 '70

63 567 129 601 Ore
145 569 260 602 favete
277 579 402 611 omnes⁷
421 573 456 601 et
474 573 630 612 tempora
647 569 777 612 cingite
793 570 929 604 ramis.”

108 613 164 647 Sic
180 615 284 657 fatus,
301 615 395 647 velat
411 620 569 647 materna
585 618 741 658 tempora
756 619 879 658 myrto.

63 659 139 693 Hoc
156 659 327 703 Helymus
344 660 438 701 facit,
456 659 521 693 hoc
538 660 601 693 aevi
618 664 776 694 maturus
793 661 943 704 Acestes,

61 705 138 738 Hoc
155 717 241 749 puer
258 705 437 747 Ascanius,
457 706 612 749 sequitur
629 717 714 748 quos
731 710 844 740 cetera
860 707 977 751 pubes.

62 750 128 784 Ille
145 763 164 784 e
181 751 325 784 concilio
341 751 462 784 multis
480 762 559 784 cum
576 751 730 784 millibus
746 752 821 785 ibat

59 797 114 829 Ad
132 797 318 839 tumulum,
335 807 464 840 magna
479 796 615 829 medius
633 796 820 830 comitante
837 802 985 833 caterva.

59 842 128 875 Hic
145 843 213 875 duo
229 843 297 875 rite
314 853 408 875 mero
424 841 536 875 libans
554 842 728 876 carchesia
744 842 881 876 Baccho

58 887 191 921 Fundit
207 888 315 931 humi,
333 888 401 921 duo
417 887 508 921 lacte
525 899 621 930 novo,
640 888 708 921 duo
725 889 894 932 sanguine
911 901 1006 924 sacro
1016 903 1025 932 ;

58 933 86 966 P
154 945 322 977 ureosque
333 934 422 977 jacit
438 934 547 977 flores,
565 945 605 967 ac
622 933 709 967 talia
724 934 821 967 fatur
836 947 842 969 ε
893 947 895 949 ·

57 976 75 991 “
87 945 198 1016 §ffvffi
216 983 333 1011 sancte
350 990 484 1022 parens,
501 979 628 1011 iterum
646 991 655 1019 ;
681 979 810 1012 salvete
826 981 955 1024 recepti
1125 984 1170 1014 80

56 1021 301 1066 Nequidquam
319 1023 458 1065 cineres,
477 1023 668 1066 animaeque
685 1022 884 1067 umbraeque
901 1028 1065 1068 paternae.

55 1067 134 1101 Non
150 1068 252 1101 licuit
268 1067 353 1101 fines
371 1068 478 1102 Italos
496 1068 687 1112 fataliaque
704 1079 797 1112 arva,

54 1113 88 1146 N
89 1125 127 1147 ec
143 1117 260 1147 tecum
276 1114 479 1158 Ausonium,
497 1114 707 1158 quicumque
723 1118 784 1158 est,
802 1127 955 1159 quaerere
972 1116 1166 1160 Thybrim.''

53 1159 200 1193 Dixerat
217 1160 291 1193 haec
305 1173 314 1201 ;
339 1160 454 1204 adytis
472 1171 580 1204 quum
597 1160 751 1193 lubricus
767 1161 892 1204 anguis
909 1161 953 1194 ab
969 1162 1048 1196 imis

53 1205 193 1249 Septem
209 1206 331 1249 ingens
348 1217 460 1249 gyros,
478 1210 620 1249 septena
639 1206 814 1240 volumina
831 1207 950 1250 traxit,

53 1251 245 1294 Amplexus
261 1252 397 1295 placide
414 1252 600 1293 tumulum,
618 1250 804 1295 lapsusque
821 1263 882 1296 per
898 1264 974 1287 aras
987 1265 997 1294 ς

54 1296 215 1331 Caeruleae
232 1298 289 1330 cui
306 1302 404 1340 terga
420 1302 521 1340 notae,
539 1297 734 1330 maculosus
751 1301 786 1330 et
803 1309 886 1331 auro

52 1342 241 1386 Squamam
256 1342 463 1376 incendebat
479 1343 595 1386 fulgor
609 1355 615 1377 :
641 1354 705 1376 ceu
722 1343 872 1377 nubibus
888 1355 988 1379 arcus

50 1388 150 1422 Mille
162 1389 251 1432 jacit
267 1389 378 1422 varios
395 1389 537 1423 adverso
555 1389 623 1423 sole
641 1388 776 1423 colores.

52 1434 242 1478 Obstupuit
258 1435 336 1468 visu
351 1435 481 1468 AEneas
495 1447 502 1469 :
527 1434 587 1468 ille
603 1434 742 1478 agmine
758 1435 861 1479 longo
1122 1440 1166 1474 90

50 1480 205 1513 Tandem
220 1481 312 1514 inter
329 1485 466 1524 pateras
483 1485 518 1514 et
535 1480 625 1515 levia
640 1480 765 1524 pocula
782 1492 921 1525 serpens

50 1525 257 1570 Libavitque
275 1527 389 1570 dapes,
406 1537 593 1570 rursusque
610 1526 773 1560 innoxius
789 1527 859 1560 imo

49 1571 220 1606 Successit
236 1572 383 1615 tumulo,
401 1576 436 1606 et
453 1573 596 1616 depasta
612 1572 737 1606 altaria
753 1573 867 1616 liquit.

49 1617 125 1651 Hoc
141 1618 252 1661 magis
268 1618 424 1662 inceptos
440 1618 589 1661 genitori
605 1619 779 1652 instaurat
795 1619 951 1662 honores,

49 1663 218 1707 lucei-tm,
237 1664 430 1698 Geniumne
447 1664 513 1697 loci
529 1664 747 1697 famulumne
763 1666 918 1709 parentis

48 1708 130 1744 Esse
146 1714 270 1755 putet:
295 1710 397 1745 caedit
413 1710 513 1746 binas
529 1710 572 1744 de
587 1721 682 1744 more
698 1709 866 1754 bidentes,

595 1766 620 1791 N
