1330 1932
423 96 642 130 AENEIDOS
666 95 754 130 LIB.
782 96 862 129 VII.
1129 98 1197 130 239

83 165 230 198 Lumine
245 165 420 198 fumantes
436 164 516 197 fixit
533 163 597 196 sub
614 166 751 206 pectore
769 162 886 195 taedas.

84 210 154 243 Olli
171 221 328 242 somnum
345 210 468 252 ingens
483 209 616 252 rumpit
633 219 749 251 pavor,
767 218 909 251 ossaque
926 211 960 240 et
977 211 1074 241 artus

83 255 268 287 Perfundit
285 259 358 288 toto
375 258 561 298 proruptus
579 264 718 296 corpore
735 253 846 286 sudor.

82 300 190 332 Arma
206 311 324 333 amens
341 300 458 333 fremit
472 311 481 339 ;
505 310 602 332 arma
618 302 692 331 toro
709 298 880 341 tectisque
896 298 1053 341 requirit.
1128 300 1196 332 460

82 344 191 378 Saevit
207 356 302 378 amor
318 345 411 387 ferri,
430 348 466 377 et
483 344 649 377 scelerata
664 343 801 376 insania
817 343 911 385 belli,

84 390 142 422 Ira
159 401 261 433 super
275 402 281 423 :
306 401 433 432 magno
450 389 561 423 veluti
578 400 687 432 quum
703 389 844 422 flamma
860 399 979 422 sonore

83 434 211 478 Virgea
229 436 427 478 suggeritur
444 435 545 467 costis
562 434 729 467 undantis
746 434 861 476 aheni,

81 480 341 524 Exsultantque
358 484 445 513 aestu
462 480 582 513 latices
597 492 605 520 ;
630 479 718 512 furit
734 479 830 512 intus
847 480 953 522 aquai

82 524 250 559 Fumidus
266 530 372 569 atque
389 525 460 559 alte
478 525 608 569 spumis
625 525 792 558 exuberat
809 525 921 557 amnis
936 537 944 565 ;

81 570 115 602 N
117 581 154 603 ec
165 572 241 614 jam
259 582 293 605 se
310 571 404 614 capit
421 571 517 604 unda
532 583 539 610 ;
565 570 659 603 volat
675 581 782 613 vapor
799 575 873 603 ater
890 570 935 603 ad
951 581 1062 604 auras.

82 614 173 658 Ergo
190 616 257 648 iter
273 616 317 648 ad
334 627 450 659 regem
466 615 602 659 polluta
618 626 702 658 pace
719 615 885 648 Latinum

84 660 214 693 Indicit
231 661 351 704 primis
364 663 545 704 juvenum,
563 664 597 693 et
610 660 712 704 jubet
728 671 825 693 arma
841 661 966 704 parari,

83 705 205 739 Tutari
223 706 373 748 Italiam,
392 706 575 739 detrudere
591 705 717 738 finibus
734 705 868 739 hostem
883 718 892 746 ;

83 750 126 783 Se
144 751 227 784 satis
245 751 410 784 ambobus
427 751 635 794 Teucrisque
652 751 769 783 venire
786 750 998 794 Latinisque.
1131 750 1198 785 470

84 795 170 829 Haec
187 796 247 829 ubi
264 797 358 829 dicta
375 796 480 836 dedit,
499 796 663 839 divosque
680 796 717 828 in
734 799 815 828 vota
832 796 990 829 vocavit:

84 840 250 874 Certatim
267 853 337 874 sese
355 841 480 874 Rutuli
496 841 727 874 exhortantur
742 841 780 873 in
796 851 902 874 arma.

83 885 189 919 Hunc
206 887 310 919 decus
326 886 503 929 egregium
521 886 639 918 formae
656 889 772 919 movet
788 889 893 928 atque
904 887 1062 929 juventae
1076 898 1086 927 ;

83 930 189 964 Hunc
205 932 301 964 atavi
316 942 424 974 reges,
441 931 535 964 hunc
552 931 653 964 claris
670 931 814 965 dextera
830 929 959 964 factis.’'

127 976 222 1009 Dum
238 977 375 1009 Turnus
394 976 542 1009 Rutulos
559 976 684 1009 animis
701 975 889 1009 audacibus
906 975 1039 1020 implet,

82 1021 218 1055 Allecto
234 1022 273 1054 in
289 1021 436 1055 Teucros
454 1021 584 1064 Stygiis
602 1032 636 1054 se
653 1022 805 1055 concitat
823 1021 897 1055 alis.

82 1066 168 1099 Arte
185 1078 274 1100 nova
291 1067 469 1110 speculata
484 1067 609 1109 locum,
623 1078 690 1110 quo
707 1066 807 1100 litore
823 1066 969 1110 pulcher

84 1111 224 1145 Insidiis
241 1123 412 1155 cursuque
428 1112 519 1145 feras
536 1112 693 1154 agitabat
711 1112 820 1154 Iulus,

83 1156 153 1189 Hic
170 1157 322 1190 subitam
338 1157 481 1191 canibus
497 1157 630 1190 rabiem
647 1157 788 1208 Cocytia
804 1157 902 1200 virgo

84 1201 147 1245 Obj
151 1203 221 1245 icit,
239 1206 274 1235 et
291 1206 373 1235 noto
389 1213 488 1235 nares
505 1202 678 1245 contingit
695 1202 805 1244 odore,
1129 1204 1198 1235 480

84 1214 147 1280 Ut]
150 1258 290 1280 cervum
307 1247 467 1281 ardentes
483 1251 648 1290 agerent:
674 1258 752 1290 quae
768 1247 880 1290 prima
895 1246 1054 1280 laborum

85 1292 196 1325 Causa
212 1292 291 1334 fuit,
308 1292 467 1336 belloque
484 1292 617 1325 animos
633 1292 792 1325 accendit
809 1296 970 1343 agrestes.

85 1337 212 1370 Cervus
229 1341 303 1370 erat
319 1337 430 1370 forma
446 1337 627 1380 praestanti
644 1340 680 1370 et
697 1337 883 1370 cornibus
873 1348 1006 1380 mgens,

83 1382 171 1425 'Pyrr
171 1382 263 1415 hidae
280 1382 380 1426 pueri
397 1393 500 1425 quem
515 1382 637 1415 matris
653 1381 697 1415 ab
713 1382 818 1415 ubere
833 1386 976 1426 raptum

82 1426 117 1461 N
118 1428 285 1470 titubant,
303 1427 543 1470 'Pyrrheusque
560 1431 668 1470 pater,
686 1427 743 1460 cui
758 1428 854 1471 regia
870 1431 994 1471 parent

83 1472 262 1516 Armenta,
280 1476 315 1505 et
331 1473 402 1505 late
419 1472 575 1505 custodia
592 1472 724 1505 credita
740 1473 871 1516 campi.-

82 1517 272 1551 Assuetum
287 1517 441 1561 imperiis
458 1528 550 1550 soror
566 1517 660 1550 omni
677 1517 785 1551 Silvia
801 1529 884 1552 cura

83 1562 247 1596 Mollibus
263 1563 424 1596 intexens
441 1562 584 1596 ornabat
601 1574 729 1596 cornua
745 1563 854 1606 sertis,

83 1606 317 1651 Pectebatque
333 1608 456 1650 ferum,
472 1618 629 1651 puroque
645 1608 682 1640 in
698 1608 794 1642 fonte
810 1608 960 1643 lavabat.

84 1652 150 1685 Ille
165 1664 308 1686 manum
325 1653 472 1696 patiens,
488 1664 684 1697 mensaeque
700 1657 857 1687 assuetus
873 1653 987 1696 herili,
1126 1656 1196 1688 490

83 1697 232 1730 Errabat
248 1698 343 1731 silvis
358 1710 366 1738 ;
390 1709 579 1741 rursusque
595 1698 640 1732 ad
656 1698 778 1732 limina
794 1703 879 1732 nota

85 1741 163 1786 Ipse
180 1743 321 1777 domum
338 1754 413 1778 sera
429 1743 588 1787 quamvis
604 1755 640 1778 se
655 1748 756 1778 nocte
772 1744 914 1780 ferebat.
