1345 1927
195 57 262 89 288
504 58 541 92 P.
567 58 771 93 VIRGILII
796 57 1010 92 MARONIS

194 123 351 168 Desuper
370 125 539 159 Ausonias
556 127 645 159 acies
662 126 852 169 urbemque
870 125 1019 168 videbat,

192 168 294 202 Nube
312 170 441 214 sedens,
459 176 563 215 atque
581 172 635 205 his
652 173 817 205 victorem
835 171 962 204 affatur
980 169 1098 203 Iulum
1114 181 1121 203 :
1244 170 1310 203 640

195 218 213 233 “
229 216 344 250 Macte
360 228 449 251 nova
466 218 606 257 virtute,
625 229 710 262 puer
727 231 734 258 ;
760 218 807 251 sic
826 218 897 251 itur
915 217 957 250 ad
976 221 1080 257 astra,

194 258 256 290 Dis
273 259 399 302 genite,
417 263 452 292 et
470 261 630 303 geniture
647 261 736 294 deos.
784 261 808 294 J
811 272 872 293 ure
889 260 1005 293 omnia
1021 259 1112 293 bella

195 304 305 337 Gente
323 304 387 337 sub
403 305 562 340 Assaraci
578 308 652 340 fato
669 310 817 340 ventura
833 306 986 339 resident
999 318 1006 339 :

193 349 226 382 N
228 361 265 382 ec
282 353 317 383 te
334 350 436 394 Troja
449 351 572 396 capit.”
626 352 736 386 Simul
754 351 827 385 haeo
845 352 970 385 effatus
989 350 1033 384 ab
1050 351 1122 385 alto

193 395 336 428 AEthere
354 407 389 428 se
405 395 528 438 mittit,v
545 395 716 439 spirantes
732 396 885 429 dimovet
902 407 1013 439 auras,

192 440 450 485 Ascaniumque
467 441 566 485 petit.
615 441 774 474 Formam
792 446 868 474 tum
885 442 1034 474 vertitur
1050 441 1117 475 oris

191 486 388 530 Antiquum
405 487 441 519 in
459 487 584 519 Buten.
634 486 702 520 IIic
719 487 895 520 Dardanio
912 487 1073 520 Anchisae

191 532 351 575 Armiger
368 538 450 565 ante
466 532 546 575 fuit,
563 532 721 576 fidusque
737 533 781 565 ad
799 533 921 566 limina
937 537 1051 566 custos
1068 545 1078 574 ;

192 577 281 610 Tum
299 578 460 611 comitem
477 578 624 610 Ascanio
641 582 740 621 pater
756 578 900 611 addidit.
951 577 1030 611 Ibat
1046 577 1170 622 Apollo

192 623 318 656 Omnia
335 623 491 666 longaevo
508 623 640 666 similis,
659 634 843 667 vocemque
861 624 1086 668 coloremque,
1241 625 1308 658 650

190 668 236 702 Et
253 669 363 702 crines
380 669 474 702 albos
492 673 527 702 et
545 679 634 702 saeva
651 669 827 702 sonoribus
844 680 941 702 arma
956 682 965 710 ;

191 716 305 758 Atque
322 715 376 747 his
392 715 573 748 ardentem
589 715 691 748 dictis
708 715 836 748 affatur
854 714 972 748 Iulum
986 726 993 748 :

190 761 207 776 “
223 761 276 794 Sit
294 761 387 801 satis,
406 759 574 800 AEneada,
592 759 671 792 telis
688 760 829 803 impune
847 758 1050 792 Numanum

189 803 382 847 Oppetiisse
399 803 470 836 tuis
485 816 493 844 ;
518 804 666 847 primam
683 803 773 837 hanc
791 803 855 837 tibi
872 815 1020 847 magnus
1037 804 1162 848 Apollo

189 848 353 882 Concedit
371 848 520 892 laudem,
538 854 573 882 et
590 849 732 892 paribus
749 860 817 882 non
835 849 970 882 invidet
986 850 1090 883 armis
1105 862 1114 891 ;

188 894 308 927 Cetera
325 905 436 938 parce,
454 905 548 938 puer,
565 895 685 930 bello.''
734 894 791 930 Sic
808 907 904 929 orsus
921 895 1047 940 Apollo

186 939 352 973 Mortales
368 940 482 973 medio
499 944 660 984 aspectus
678 951 831 973 sermone
848 940 1000 984 reliquit,

185 986 232 1019 Et
249 985 369 1029 procul
386 986 423 1018 in
440 990 582 1019 tenuem
599 997 642 1019 ex
660 986 767 1019 oculis
784 986 927 1019 evanuit
944 997 1075 1020 auram.

185 1033 365 1075 Agnovere
382 1031 487 1064 deum
504 1042 659 1075 proceres
676 1031 862 1075 divinaque
880 1031 951 1065 tela

184 1076 405 1120 Dardanidae,
423 1077 689 1121 pharetramque
706 1077 792 1121 fuga
809 1088 943 1110 sensere
960 1080 1149 1112 sonantem.
1237 1080 1304 1112 660
1326 1078 1329 1099 ³

185 1123 277 1166 Ergo
293 1122 436 1156 avidum
453 1133 590 1166 pugnae,
608 1123 710 1156 dictis
728 1133 768 1155 ac
785 1123 928 1156 numine
946 1123 1078 1166 Phoebi,
1326 1135 1327 1139 ¹

184 1169 374 1202 Ascanium
390 1169 577 1212 prohibent
591 1181 600 1208 ;
624 1168 691 1211 ipsi
708 1168 745 1200 in
762 1169 953 1202 certamina
968 1180 1086 1202 rursus

184 1213 392 1256 Succedunt,
410 1214 613 1257 animasque
629 1214 666 1246 in
683 1217 804 1258 aperta
820 1214 976 1258 pericula
990 1215 1149 1249 mittunt.

184 1260 219 1292 It
236 1260 364 1292 clamor
381 1259 463 1292 totis
480 1271 541 1303 per
558 1260 820 1303 propugnacula
836 1260 945 1293 muris
959 1271 966 1293 :

184 1305 380 1338 Intendunt
396 1316 490 1338 acres
507 1316 616 1348 arcus,
635 1310 844 1349 amentaque
861 1309 1033 1350 torquent.

182 1350 356 1384 Sternitur
373 1362 473 1384 omne
491 1351 600 1384 solum
617 1351 696 1384 telis
710 1364 719 1392 3
745 1355 821 1384 tum
838 1355 936 1384 scuta
953 1361 1114 1395 cavaeque

183 1397 279 1430 Dant
297 1397 449 1430 sonitum
465 1397 565 1430 flictu
581 1397 689 1440 galeae
704 1409 712 1438 ;
737 1408 856 1440 pugna
872 1408 993 1441 aspera
1010 1397 1143 1441 surgit:

183 1443 343 1483 Quantus
360 1442 403 1475 ab
420 1453 541 1476 occasu
559 1442 699 1476 veniens
716 1442 930 1487 pluvialibus
947 1443 1068 1476 Haedis

183 1487 350 1521 Verberat
366 1488 475 1521 imber
492 1488 639 1521 humum
653 1501 662 1529 ;
686 1499 792 1532 quam
809 1488 922 1522 multa
937 1489 1107 1531 grandine
1123 1488 1232 1522 nimbi

183 1534 225 1567 In
243 1534 332 1567 vada
348 1534 580 1578 praecipitant,
597 1545 705 1577 quum
722 1534 864 1578 Jupiter
881 1534 1040 1567 horridus
1055 1535 1183 1568 austris
1229 1535 1298 1569 670

182 1580 333 1623 Torquet
350 1590 514 1624 aquosam
532 1579 690 1623 hiemem,
708 1583 743 1613 et
760 1579 844 1613 coelo
861 1590 947 1613 cava
962 1579 1085 1613 nubila
1100 1580 1242 1624 rumpit.

228 1626 408 1659 Pandarus
425 1629 460 1658 et
477 1625 599 1668 Bitiasg-
618 1625 710 1658 Idaeo
729 1625 896 1658 Alcanore
913 1625 1009 1669 creti,

182 1671 273 1712 Quos
290 1671 315 1705 J
318 1671 390 1704 ovis
407 1671 529 1704 eduxit
546 1671 624 1704 luco
641 1671 807 1704 silvestris
827 1670 925 1714 Iaera,

182 1717 363 1749 Abietibus
375 1719 522 1760 juvenes
539 1716 660 1760 patriis
678 1720 713 1749 et
729 1716 905 1750 montibus
922 1727 1048 1760 aequos,
