1330 1932
400 59 621 94 AENEIDOS
644 59 732 95 LIB.
758 60 822 95 VI.
1106 64 1171 96 201

58 124 127 158 Hic
143 126 291 160 crudelis
307 138 403 161 amor
419 128 512 161 tauri
529 131 762 172 suppostaque
778 129 874 161 furto

56 169 239 214 Pasiphae,
255 173 477 216 mixtumque
492 184 611 216 genus,
628 174 809 218 prolesque
824 173 980 207 biformis

56 214 277 251 Minotaurus
293 218 393 262 inest,
405 218 547 252 Veneris
562 223 788 252 monumenta
803 219 964 253 nefandae
979 231 988 260 ;

56 259 126 294 Hic
143 261 239 296 labor
253 263 313 296 ille
330 264 461 307 domus,
479 267 514 297 et
529 262 780 297 inextricabilis
797 276 889 298 error
904 276 911 298 :

55 305 227 349 Magnum
242 309 371 352 reginae
389 309 447 342 sed
463 309 558 342 enim
572 310 756 343 miseratus
773 321 924 343 amorem

54 350 228 397 Daedalus,
246 353 319 398 ipse
335 354 429 387 dolos
445 355 531 388 teeti
546 355 776 399 ambagesque
792 355 942 398 resolvit,

56 396 154 430 Oaeca
169 409 292 442 regens
308 399 366 432 filo
383 400 538 444 vestigia..
586 400 640 433 Tu
656 412 793 445 quoque
808 412 972 444 magnam
1128 403 1173 433 30

55 441 195 476 Partem
212 455 312 487 opere
328 445 366 477 in
382 449 490 488 tanto,
509 446 636 479 sineret
653 446 757 489 dolor,
776 446 881 489 Icare,
900 446 1054 481 haberes.

54 486 114 520 Bis
131 492 275 522 conatus
291 494 366 523 erat
383 502 481 525 casus
497 491 660 535 effingere
675 492 713 524 in
730 503 814 525 auro
828 504 836 532 3

54 532 114 566 Bis
131 534 254 577 patriae
271 535 422 569 cecidere
437 548 570 571 manus,
620 537 713 578 Quin
730 541 894 581 protenus
911 537 1027 571 omnia

54 577 276 623 Perlegerent
293 581 410 624 oculis,
427 582 465 615 ni
477 583 554 625 jam
569 583 765 626 praemissus
782 582 933 616 Achates

55 623 197 667 Afforet,
214 630 320 669 atque
336 638 408 661 una
424 626 548 660 Phoebi
565 627 759 671 Triviaeque
775 628 941 671 sacerdos,

55 667 236 713 Deiphobe
255 671 386 713 Glauci,
403 673 498 706 fatui·
515 684 592 716 quae
609 673 697 707 talia
711 673 787 717 regi
803 685 810 706 :

57 714 74 729 “
88 713 166 746 Non
182 714 247 747 hoc
263 715 330 748 ista
346 715 411 748 sibi
428 722 564 759 tempus
581 717 778 759 spectacula
795 717 916 761 poscit.

55 759 158 793 Nunc
175 771 279 803 grege
295 760 338 794 de
354 760 486 793 intacto
504 764 635 803 septem
650 763 803 793 mactare
815 761 982 803 juvencos

55 804 273 848 Praestiterit‚
289 805 436 838 totidem
453 805 561 838 lectas
578 805 621 838 de
636 816 730 838 more
748 803 932 838 bidentes.”

102 850 242 884 Talibus
259 851 366 884 affata
381 850 626 884 AEnean—nec
643 861 740 884 sacra
755 855 936 883 morantur
1128 853 1173 883 40

55 895 80 929 J
82 907 161 929 ussa
177 896 436 930 viri—Teucros
453 899 554 929 vocat
571 896 644 929 alta
659 895 697 929 in
713 895 845 939 templa
861 896 1026 930 sacerdos.

54 940 220 974 Excisum
237 942 399 975 Eubo'icae
416 942 509 975 latus
525 942 648 985 ingens
664 942 760 985 rupis
776 941 814 974 in
831 946 982 985 antrum,

56 986 130 1027 Quo
147 987 211 1020 lati
229 987 364 1020 ducunt
380 987 497 1021 aditus
514 992 665 1030 centum,
683 987 771 1020 ostia
788 991 930 1020 centum
945 1000 954 1029 ;

55 1032 156 1066 Unde
172 1037 282 1066 ruunt
299 1033 446 1066 totidem
461 1044 570 1076 voces,
587 1044 750 1077 responsa
767 1032 917 1076 Sibyllae.

58 1080 210 1113 Ventum
228 1084 301 1113 erat
316 1079 361 1113 ad
377 1079 492 1122 limen,
510 1091 618 1123 quum
634 1080 741 1123 virgo,
760 1081 779 1097 “
790 1080 934 1114 Poscere
950 1081 1026 1115 fata

56 1124 236 1168 Tempus‚”
253 1125 304 1158 ait
319 1136 326 1158 :
351 1125 370 1141 ‘⁴
383 1124 477 1166 deuS,
495 1136 573 1158 ecce
591 1125 675 1158 deus
692 1125 722 1160 !³’
749 1126 813 1159 Oui
830 1126 917 1159 talia
933 1126 1026 1160 fanti

55 1168 148 1201 Ante
164 1169 253 1201 fores
270 1169 383 1202 subito
400 1180 470 1202 non
486 1169 616 1212 vultus⁷
631 1181 702 1202 non
718 1169 811 1202 color
826 1180 928 1206 unus,

55 1213 134 1246 Non
151 1219 271 1247 comtae
287 1225 443 1248 mansere
459 1225 563 1248 comae
579 1227 586 1254 ;
611 1214 670 1248 sed
685 1218 806 1258 pectus
822 1215 998 1258 anhelum,

55 1258 103 1292 Et
118 1258 214 1292 rabie
229 1260 304 1292 fera
320 1260 424 1293 corda
439 1264 579 1293 tument
592 1272 601 1300 3
625 1261 803 1304 majorque
819 1260 941 1303 videri,

55 1303 129 1337 Nec
145 1305 290 1338 mortale
307 1316 431 1338 sonans
448 1318 456 1346 3
480 1305 597 1339 afflata
612 1310 666 1338 est
682 1305 826 1339 numine
842 1305 981 1349 quando
1126 1308 1170 1340 50

58 1351 83 1384 J
86 1362 141 1383 am
157 1350 314 1394 propiore
331 1349 396 1382 dei.
445 1350 463 1365 “
477 1349 593 1381 Cessas
608 1348 645 1380 in
663 1353 744 1381 vota
759 1359 955 1391 precesque,

58 1395 172 1438 Tros,”
189 1396 250 1438 ait,
267 1396 286 1413 “
297 1394 432 1427 AEnea?
464 1405 573 1427 cessas
589 1393 601 1426 ‘l
624 1404 737 1436 neque
754 1393 846 1426 enim
863 1398 945 1427 ante
961 1395 1139 1430 dehiscent

58 1441 226 1473 Attonitae
242 1451 369 1482 magna
386 1451 444 1472 ora
460 1438 612 1472 domus.''
658 1438 705 1471 Et
721 1438 806 1472 talia
823 1438 898 1472 fata

55 1484 243 1518 Conticuit.
292 1484 434 1518 Gelidus
451 1483 591 1517 Teucris
607 1495 669 1527 per
685 1483 772 1516 dura
789 1483 945 1516 cucurrit

57 1530 142 1563 Ossa
157 1534 293 1571 tremor,
311 1529 498 1572 funditque
513 1540 630 1572 preces
645 1539 708 1562 rex
723 1532 861 1572 pectore
878 1528 921 1561 ab
938 1528 1006 1561 imo
1023 1541 1029 1562 ι

106 1577 124 1593 “
138 1575 276 1618 Phoebe,
294 1585 416 1618 graves
433 1573 542 1616 Trojae
557 1584 689 1617 semper
705 1575 865 1609 miserate
881 1576 1022 1617 labores,

56 1621 220 1654 Dardana
237 1621 298 1664 qui
315 1619 451 1653 Paridis
467 1618 596 1651 direxti
612 1618 683 1651 tela
698 1628 891 1661 manusque

57 1666 188 1709 Corpus
204 1666 242 1699 in
258 1665 411 1698 AEacidae
426 1677 434 1705 ;
457 1675 602 1707 magnas
618 1662 782 1696 obeuntia
798 1667 908 1696 terras

57 1711 123 1746 Tot
138 1711 248 1746 maria
264 1711 401 1754 intravi,
419 1710 507 1744 duee
524 1714 569 1753 te,
585 1709 794 1753 penitusque
809 1711 963 1752 repostas
