1345 1927
89 53 136 86 86
395 51 432 85 Ρ.
451 51 655 85 VIRGILII
681 51 850 86 MARON
854 52 897 86 IS

90 118 296 152 Servantem
311 118 405 163 ripas
421 119 495 152 alta
511 130 582 152 non
599 119 690 152 vidit
706 119 743 152 in
760 119 875 152 herba.

90 164 139 198 At
156 165 280 198 chorus
297 165 438 209 aequalis
455 165 638 208 Dryadum
655 165 802 198 clamore
820 177 996 209 supremos
1140 166 1209 200 460

92 210 289 254 Implerunt
305 215 441 244 montes
455 223 464 251 ;
488 210 617 244 flerunt
635 210 845 255 Rhodopeiae
863 222 957 245 arces

91 255 243 300 Altaque
261 256 412 300 Pangaea
429 260 464 290 et
483 256 589 289 Rhesi
605 256 779 290 Mavortia
796 257 909 300 tellus,

91 301 208 346 Atque
227 302 322 335 Getae
340 307 445 346 atque
463 302 601 336 Hebrus
619 306 653 335 et
671 302 790 336 Actias
809 302 979 346 Orithyia.

91 347 174 391 Ipse
191 359 276 381 cava
293 348 405 381 solans
423 360 554 392 aegrum
571 348 748 381 testudine
765 359 925 392 amorem,

91 393 149 437 Te,
167 393 279 427 duicis
297 395 435 437 conjux,
452 400 488 427 te
506 394 576 427 solo
592 394 630 427 111
648 394 748 427 litore
766 405 892 437 secum,

91 438 140 472 Te
156 440 318 473 veniente
336 440 402 483 die,
421 445 455 473 te
472 440 660 473 decedente
677 439 832 474 canebat.

92 484 266 518 Taenarias
283 485 389 519 etiam
405 486 533 529 fauces,
552 486 625 519 alta
642 486 729 519 ostia
746 485 849 529 Ditis,

91 530 139 564 Et
157 531 367 574 caiigantem
383 531 484 575 nigra
500 531 685 564 formidine
702 531 822 564 lucum

93 576 283 629 Ingressus,
300 588 488 620 manesque
505 577 593 610 adiit
609 588 794 621 regemque
811 576 1042 621 tremendum,

91 622 286 666 Nesciaque
302 623 465 656 humanis
482 623 641 667 precibus
658 634 897 656 mansuescere
913 623 1026 656 corda.
1141 625 1210 657 470

92 669 142 702 At
158 673 267 702 cantu
283 673 462 702 commotae
479 669 584 702 Erebi
602 669 644 711 de
661 668 826 702 sedibus'
818 668 897 701 111113

92 714 231 748 Umbrae
247 715 347 748 ibant
364 719 495 758 tenues,
514 708 767 767 simulacraque
783 715 862 748 luce
878 718 1059 748 carentum
1073 727 1080 749 :

94 760 207 801 Quam
222 761 362 794 multa
353 772 389 793 m
406 761 497 794 foliis
514 761 634 794 avium
651 772 686 794 se
702 761 814 794 millia
831 760 996 803 condunt,

93 806 224 850 Vesper
240 806 302 839 ubi
318 811 381 840 aut
398 806 563 840 hibernus
580 807 654 850 agit
671 807 714 840 de
730 806 907 840 montibus
924 806 1050 840 imber:

93 851 225 885 Matres
242 857 348 896 atque
365 853 441 895 viri,
460 853 697 896 defunctaque
714 863 856 896 corpora
873 853 947 885 vita

92 897 362 942 Magnanimum
379 898 531 941 heroum,
550 899 659 942 pueri,
677 899 904 942 innuptaeque
920 897 1057 942 pueHae,

94 943 323 988 Impositique
339 944 431 987 rogis
443 945 591 988 juvenes
608 949 690 977 ante
708 956 766 977 ora
783 950 992 988 parentum3

95 989 188 1031 Quos
205 990 335 1023 circum
351 990 455 1022 limus
471 990 570 1033 niger
587 995 622 1023 et
639 990 800 1023 deformis
817 989 951 1023 arundo

95 1035 216 1079 Cocyti
232 1036 401 1079 tardaque
418 1035 519 1080 palus
536 1036 732 1069 inamabilis
750 1036 846 1069 unda

94 1081 238 1125 Affigat,
256 1086 291 1115 et-
307 1082 424 1115 novies
442 1081 530 1125 Styx
547 1081 719 1115 interfusa
736 1083 879 1115 coercet.
1145 1083 1213 1115 480

96 1127 216 1168 Quin
206 1138 290 1171 ipsae
307 1132 472 1171 stupuere
489 1127 610 1160 domus
628 1132 735 1170 atque
752 1127 880 1160 intima
896 1127 959 1160 leti

95 1173 247 1215 Tartara,
266 1173 498 1216 caeruleosque
515 1173 676 1217 implexae
695 1173 848 1206 crinibus
865 1184 995 1216 angues

94 1218 315 1262 Eumenides,
333 1219 516 1263 tenuitque
533 1219 673 1252 inhians
690 1219 758 1252 tria
776 1218 942 1252 Cerberus
959 1230 1028 1262 013,

95 1264 212 1308 Atque
230 1265 359 1298 Ixionii
376 1270 480 1298 vento
497 1269 573 1298 rota
591 1265 749 1298 constitit
766 1264 865 1297 orbis.

95 1310 248 1354 Jamque
264 1311 388 1354 pedem
405 1311 556 1343 referens
573 1322 672 1344 casus
690 1315 845 1344 evaserat
856 1321 983 1353 omnes,

97 1355 317 1400 Redditaque
334 1356 509 1399 Eurydice
527 1368 667 1400 superas
685 1356 846 1389 veniebat
863 1356 907 1389 ad
925 1367 1036 1398 auras,

95 1401 190 1435 Pone
208 1413 352 1446 sequens
367 1414 374 1442 3
399 1413 549 1446 namque
566 1403 657 1435 hanc
674 1402 817 1435 dederat
833 1401 1040 1446 Proserpina
1055 1401 1167 1446 legem
1180 1413 1190 1444 ;

97 1447 214 1489 Quum
231 1448 347 1481 subita
364 1448 548 1481 incautum
565 1448 740 1481 dementia
757 1447 850 1492 cepit
866 1454 1053 1491 amantem,

97 1493 313 1537 Ignoscenda
330 1494 480 1538 quidem,
499 1494 626 1527 scirent
643 1494 672 1527 si
688 1494 864 1537 ignoscere
879 1505 1020 1527 manes:

96 1538 252 1583 Restitit,
270 1539 537 1583 Eurydicenque
554 1551 652 1573 suam
664 1541 740 1591 jam
758 1540 836 1573 luce
853 1539 943 1573 sub'
933 1550 1010 1583 ipsa
1143 1541 1213 1573 490

97 1584 283 1618 Immemor
299 1585 390 1619 heu
384 1587 389 1608 ¹
418 1585 599 1638 victusque
616 1586 724 1619 31111111
741 1586 903 1630 respexit.
945 1585 1000 1618 Ibi
1016 1584 1128 1619 omnis

95 1629 237 1664 Effusus
253 1631 359 1674 labor,
376 1635 481 1675 atque
498 1631 642 1664 immitis
659 1638 764 1676 rupta
781 1631 922 1675 tyranni

96 1675 251 1720 Foedera,
269 1682 389 1721 terque
406 1677 522 1720 fragor
539 1678 671 1720 stagnis
688 1677 831 1710 auditus
848 1676 1004 1710 Avemis.

94 1722 173 1765 Illa,
188 1723 287 1764 ‘Quis
300 1729 335 1757 et
346 1736 411 1767 me,
415 1725 587 1769 ’inquit,‘
595 1726 765 1767 miseram,
777 1729 812 1758 et
823 1729 857 1758 te
868 1725 1030 1768 perdidit,
1043 1724 1205 1769 Orpheu'l

94 1769 179 1810 Quis
196 1773 315 1803 tantus
332 1770 423 1804 furor
443 1771 455 1804 2
481 1783 523 1804 en
540 1771 666 1804 iterum
684 1752 838 1805 crudelia
854 1775 945 1804 retro
