1320 1932
406 86 624 119 AENEIDOS
649 86 735 120 LIB.
761 86 842 121 XII.

62 151 201 186 Harum
217 165 323 187 unam
341 153 484 187 celerem
502 153 640 186 demisit
656 153 700 186 ab
718 153 845 187 aethere
861 165 995 188 summo

63 199 215 243 Jupiter,
232 200 338 243 inque
354 210 454 232 omen
471 199 496 233 J
498 204 636 232 uturnae
653 210 828 232 occurrere
840 201 956 243 jussit.

63 243 130 278 Illa
147 244 251 287 volat,
268 245 440 287 celerique
455 244 499 278 ad
517 248 643 277 terram
661 244 800 277 turbine
816 245 944 279 fertur:

61 289 140 322 Non
157 301 254 323 secus
271 301 311 323 ac
326 301 431 327 nervo
448 301 509 333 per
524 289 651 322 nubem
668 290 819 333 impulsa
835 291 974 334 sagitta,

61 335 241 368 Armatam
259 336 340 368 saevi
358 335 509 368 Parthus
525 346 629 378 quam
646 335 727 367 felle
745 336 878 378 veneni,

61 379 222 424 Parthus,
241 381 312 414 sive
329 380 457 424 Cydon,
475 380 583 413 telum
601 380 862 424 immedicabile,
880 382 990 426 torsit,

61 425 217 459 Stridens
235 430 270 459 et
287 426 412 459 celeres
428 426 606 469 incognita
623 426 776 459 transilit
793 426 941 461 umbras.

61 470 154 504 Talis
172 483 206 504 se
224 476 299 504 sata
315 471 426 504 Nocte
442 471 536 513 tulit,
555 476 731 515 terrasque
749 473 882 515 petivit.

62 515 251 560 Postquam
270 517 359 550 acies
377 517 472 550 videt
490 517 614 549 Iliacas
631 521 736 560 atque
753 519 894 561 agmina
911 518 1029 563 Turni,

59 561 164 595 Alitis
181 562 217 595 in
235 574 352 607 parvae
371 562 519 595 subitam
539 562 684 595 collecta
700 563 857 606 figuram,

60 607 144 648 Quae
162 609 336 652 quondam
354 608 391 640 in
408 607 518 641 bustis
535 612 598 641 aut
615 608 824 641 culminibus
842 609 986 643 desertis

58 652 168 686 Nocte
185 654 306 687 sedens
323 665 437 686 serum
455 654 550 686 cam't
567 653 766 697 importuna
783 665 844 697 per
860 654 999 689 umbras
1013 667 1022 697 3

58 698 162 731 Hanc
179 710 277 732 versa
292 699 328 732 in
346 698 471 732 faciem
489 699 598 732 Turni
615 710 650 732 se
666 700 773 742 pestis
790 699 832 732 ob
849 711 908 734 ora

57 743 210 787 Fertque
225 745 397 788 refertque
414 755 547 786 sonans,
565 744 784 788 clipeumque
802 745 978 780 everberat
995 746 1067 780 alis.

57 788 115 822 Illi
133 789 286 823 membra
302 801 412 823 novus
429 790 531 823 solvit
548 790 730 823 formidine
749 797 864 834 torpor
878 804 886 832 3

57 834 280 879 Arrectaeque
296 836 433 868 horrore
451 846 565 874 σοι-αξξ,
584 840 619 868 et
635 847 702 868 vox
720 836 878 869 faucibus
895 836 1006 872 haesit.

55 881 103 912 At
119 882 237 924 procul
256 885 297 914 ut
313 881 406 913 Dirae
425 881 604 913 stridorem
621 881 764 923 agnovit
781 885 815 914 et
832 882 914 924 alas,

57 924 187 959 Infelix
204 927 314 960 crines
332 926 459 959 scindit
476 926 501 959 J
504 931 633 959 uturna
650 926 787 969 solutos

57 970 240 1014 Unguibus
257 983 316 1005 ora
333 983 423 1005 soror
440 971 583 1014 foedans,
601 976 636 1005 et
653 977 791 1015 pectora
808 973 935 1016 pugnis
951 986 957 1007 :

60 1016 80 1032 “
95 1016 188 1056 Quid
205 1027 298 1049 nunc
315 1019 351 1049 te
367 1019 439 1057 tua,
456 1016 582 1056 Turne,
598 1018 712 1057 potest
728 1026 894 1058 germana
905 1016 1029 1057 juvare
1044 1014 1057 1048 ’ἰ

55 1057 130 1092 Aut
147 1059 231 1102 quid
242 1060 317 1103 jam
334 1059 429 1091 durae
447 1061 588 1102 superat
603 1057 691 1090 mihi
705 1057 718 1090 2
744 1068 814 1100 qua
831 1057 896 1090 tibi
912 1058 1026 1090 lucem

55 1104 141 1137 Arte
157 1116 268 1137 morer
282 1104 293 1137 2
319 1102 417 1138 talin’
435 1115 573 1147 possum
589 1114 644 1136 me
661 1113 831 1146 opponere
847 1107 1000 1136 monstro
1014 1102 1026 1136 2

55 1149 82 1182 J
84 1161 139 1182 am
151 1151 226 1194 jam
243 1150 362 1194 linquo
378 1149 476 1182 acies.
523 1148 576 1181 Ne
592 1159 647 1181 me
664 1152 789 1181 terrete
806 1148 998 1192 timentem,

57 1195 219 1229 Obseenae
236 1195 390 1229 volucres
405 1206 413 1235 ;
438 1194 573 1227 alarum
590 1193 732 1227 verbera
747 1204 858 1235 nosco,

55 1240 280 1284 Letalemque
299 1251 421 1274 sonum
435 1252 444 1280 ;
468 1251 531 1272 nec
548 1239 678 1272 fallunt
689 1240 788 1282 jussa
804 1238 952 1282 superba

55 1285 274 1330 Magnanimi
291 1287 316 1320 J
319 1286 399 1319 ovis.
448 1285 533 1318 Haec
550 1295 611 1328 pro
628 1285 831 1327 virginitate
847 1284 984 1328 reponit
998 1284 1010 1318 ’ἒ

56 1331 132 1372 Quo
149 1332 259 1366 vitam
276 1332 373 1365 dedit
391 1330 583 1364 aeternam?
609 1341 671 1363 cur
686 1330 806 1362 mortis
823 1330 964 1363 ademta
980 1334 1032 1364 est

54 1377 214 1411 Conditio
228 1377 239 1411 2
264 1389 398 1421 possem
415 1380 531 1410 tantos
547 1375 647 1408 finire
664 1375 794 1408 dolores

53 1422 88 1456 N
88 1434 158 1457 unc
175 1427 277 1466 certe,
294 1427 330 1456 et
345 1423 469 1455 misero
485 1421 585 1454 fratri
604 1432 714 1454 comes
731 1421 781 1453 ire
797 1431 858 1464 per
874 1420 1024 1456 umbras.

54 1468 265 1502 Immortalis
282 1480 345 1511 ego
359 1468 371 1501 2
397 1472 459 1501 aut
476 1467 667 1511 quidquam
683 1466 771 1499 mihi
788 1466 889 1499 dulce
905 1478 1061 1500 meorum

52 1514 101 1547 Te
117 1514 200 1558 sine,
216 1515 333 1557 frater,
351 1514 417 1546 erit
431 1513 443 1547 ’ἐ
492 1513 519 1546 O
537 1524 615 1556 quae
632 1512 715 1546 satis
732 1512 805 1545 alta
821 1512 978 1545 dehiscat

53 1560 158 1593 Terra
172 1560 270 1601 mihi,
286 1570 473 1602 manesque
491 1559 591 1591 deam
608 1558 771 1591 demittat
788 1557 832 1590 ad
848 1557 935 1591 imos
945 1557 978 1591 Ρ

2 1607 3 1610 ’
53 1605 206 1638 Tantum
223 1605 336 1648 effata,
354 1608 461 1648 caput
477 1604 601 1647 glauco
618 1604 774 1636 contexit
791 1603 922 1636 amictu

3 1768 9 1857 ἰ

0 1863 10 1872 ,,

0 1875 12 1932 ll

6 1917 12 1926 ,

53 1650 171 1684 Multa
185 1662 336 1694 gemenS,
354 1654 390 1684 et·
407 1661 441 1683 se
456 1650 562 1682 fluvio
580 1649 644 1682 dea
661 1649 816 1682 condidit
833 1648 913 1683 alto.

98 1696 227 1730 AEneas
243 1697 352 1730 instat
368 1699 498 1738 contra,
514 1695 692 1738 telumque
709 1698 866 1728 coruscat

54 1744 184 1787 Ingens
200 1742 391 1784 arboreum,
407 1745 443 1775 et
459 1752 548 1775 saevo
565 1740 768 1819 sicbpectore
783 1740 902 1774 fatur:

578 1795 601 1820 B

1108 89 1172 122 369

1107 476 1174 508 860

1104 930 1170 963 870

1101 1377 1167 1409 880
