1345 1927
383 99 650 134 GEORGICON
676 98 762 133 LIB.
789 99 856 132 III.
1135 100 1177 131 69

63 166 179 208 Quum
193 166 299 200 medii
316 177 426 200 nexus
443 170 677 210 extremaeque
693 166 834 209 agmina
850 165 970 198 caudae

59 212 259 255 Solvuntur,
276 212 460 256 tardosque
476 212 586 245 trahit
603 213 698 244 sinus
714 211 860 244 ultimus
877 211 982 245 orbes.

59 257 123 291 Est
140 258 246 291 etiam
261 258 321 290 ille
337 258 450 291 malus
467 257 619 291 Calabris
636 257 673 290 in
690 257 837 290 salt-ibus
854 257 988 300 anguis,

59 303 231 347 squamea
247 304 452 337 convolvens
469 303 604 336 sublato
620 307 758 347 pectore
774 307 882 346 terga,

58 349 176 393 Atque
191 349 282 382 notis
298 349 439 393 longam
455 349 650 382 maculosus
667 348 856 392 grandibus
872 348 1001 389 alvum,

61 394 139 438 Qui,
156 394 241 428 dum
257 406 375 428 amnes
391 395 456 428 ulli
472 399 685 439 rumpuntur
702 393 865 437 fontibus,
883 398 918 427 et
935 394 1020 427 dum

60 439 149 474 Vere
164 441 307 474 madent
323 441 393 474 udo
409 444 509 474 terrae
526 451 566 474 ac
582 439 795 484 pluvialibus
811 440 948 483 austris,

60 485 192 529 Stagna
208 486 291 520 colit
305 499 314 528 ;
338 487 492 531 ripisque
506 486 681 529 habitans,
697 485 755 518 hic
771 485 923 529 piscibus
940 489 1052 519 atram
1111 486 1178 518 430

60 531 242 575 Improbus
259 532 452 576 ingluviem
468 533 630 576 ranisque
646 531 850 575 loquacibus
867 531 1002 575 explet:

60 576 250 621 Postquam
266 582 390 611 exusta
406 578 517 622 palus,
534 582 706 621 terraeque
723 577 843 610 ardore
861 577 1057 620 dehiscunt,

60 622 189 657 Exsilit
220 623 258 656 in
275 624 413 667 siccum,
431 628 465 657 et
481 623 698 657 flammantia
714 622 848 656 lumina
865 627 1027 666 torquens

61 668 169 702 Saevit
185 669 286 712 agris,
304 680 471 713 asperque
488 670 546 703 siti
563 674 668 714 atque
685 669 873 702 exterritus
891 673 988 703 aestu.

60 713 114 748 Ne
130 714 218 747 mihi
234 719 311 748 tum
326 715 447 748 molles
464 715 527 748 sub
544 715 624 749 divo
641 725 780 758 carpere
799 725 943 757 somnos,

60 759 140 793 Neu
157 760 254 794 dorso
270 761 418 794 nemoris
434 761 542 794 libeat
553 761 704 804 jacujsse
720 771 781 804 per
797 760 930 803 herbas,

63 805 179 846 Quum
195 806 315 850 positis
331 817 441 839 novus
458 807 594 839 exuviis
610 806 812 849 nitidusque
824 807 974 849 juventa

62 850 233 894 Volvitur,
251 856 313 885 aut
330 852 462 885 catulos
479 852 581 885 tectis
598 856 660 885 aut
677 862 741 884 ova
756 851 964 895 relinquens,

61 896 202 930 Arduus
218 897 263 930 ad
279 897 396 940 solem,
412 901 447 931 et
463 897 594 942 linguis
610 897 717 931 micat
735 908 791 930 ore
808 897 968 930 trisulcis.

108 942 309 976 Morborum
326 954 461 987 quoque
477 947 513 976 te
530 955 650 977 causas
667 947 702 976 et
719 943 818 985 signa
835 942 971 977 docebo.
1112 943 1180 974 440

157 988 187 1021 is
203 1000 281 1021 oves
298 993 414 1022 tentat
431 988 571 1033 scabies,
588 989 650 1022 ubi
665 988 814 1032 frigidus
830 988 940 1022 imber

62 1033 179 1067 Altius
195 1034 240 1068 ad
255 1034 376 1068 vivum
392 1035 543 1079 persedit
560 1038 595 1068 et
611 1035 751 1068 horrida
768 1045 853 1068 cano

62 1079 193 1113 Bruma
209 1080 291 1123 gelu
300 1092 309 1121 ;
334 1081 389 1113 vel
406 1092 514 1124 quum
530 1081 638 1115 tonsis
654 1081 774 1114 illotus
791 1080 937 1114 adhaesit

63 1124 184 1168 Sudor,
200 1130 236 1159 et
251 1125 378 1159 hirsuti
396 1131 579 1160 secuerunt
596 1138 736 1171 corpora
752 1137 881 1170 vepres.

62 1170 233 1205 Dulcibus
249 1172 375 1205 idcirco
391 1172 507 1206 fluviis
523 1184 628 1217 pecus
645 1183 746 1206 omne
761 1172 922 1215 magistri

63 1216 295 1260 Perfundunt,
311 1218 457 1262 udisque
474 1218 561 1252 aries
577 1219 615 1251 in
631 1218 772 1262 gurgite
788 1218 880 1251 vfflis

63 1261 247 1306 Mereatur,
262 1263 455 1307 missusque
472 1265 621 1297 secundo
639 1264 761 1297 defluit
779 1264 875 1297 amni
889 1275 898 1304 ς

63 1308 138 1341 Aut
154 1312 294 1342 tonsum
310 1309 403 1348 tristi
421 1310 630 1353 contingunt
648 1321 770 1353 corpus
787 1320 939 1353 amurca,

63 1353 111 1386 Et
128 1365 266 1398 spumas
283 1354 430 1388 miscent
447 1356 593 1399 argenti,
610 1355 759 1399 vivaque
777 1354 922 1398 sulfura,

65 1398 244 1443 Idaeasque
261 1400 364 1443 pices,
381 1404 417 1434 et
433 1401 579 1444 pingues
595 1401 752 1444 unguine
770 1411 873 1443 ceras,
1116 1401 1183 1432 4:30

63 1443 282 1489 Scillamque,
300 1445 533 1490 elleborosque
549 1458 680 1490 graves,
690 1446 898 1490 nigrumque
913 1445 1081 1480 bitumen.

63 1489 144 1524 Non
160 1494 278 1524 tamen
293 1491 367 1525 ulla
382 1493 493 1536 magis
510 1503 659 1537 praesens
674 1492 817 1526 fortuna
833 1492 991 1525 laborum
1007 1496 1069 1535 est,

65 1535 178 1576 Quam
195 1536 223 1569 si
240 1537 316 1580 quis
332 1537 422 1571 ferro
438 1539 555 1582 potuit
571 1538 763 1571 rescindere
780 1549 956 1570 summum

64 1581 198 1615 Ulceris
215 1593 260 1616 os.
301 1582 420 1616 Alitur
439 1584 566 1617 vitium
582 1584 739 1628 vivitque
755 1583 914 1626 tegendo,

63 1626 159 1661 Dum
173 1628 324 1662 medicas
341 1629 504 1663 adhibere
520 1641 644 1663 manus
661 1629 707 1663 ad
723 1629 869 1663 vulnera
884 1633 1002 1673 pastor

0 1690 1 1696 κ
63 1672 236 1717 Abnegat,
254 1678 317 1707 aut
332 1675 475 1708 meliora
491 1675 570 1709 deos
587 1675 682 1709 sedet
699 1675 815 1708 omina
830 1686 982 1719 poscens.

65 1717 160 1759 Quin
175 1719 291 1762 etiam,
307 1719 378 1753 ima
396 1721 492 1754 dolor
506 1721 690 1754 balantum
705 1720 823 1765 lapsus
841 1721 884 1754 ad
902 1732 977 1754 ossa

66 1763 183 1805 Quum
198 1764 297 1809 furit,
313 1769 419 1810 atque
436 1772 532 1801 artus
549 1766 748 1812 depascitur
764 1767 861 1801 arida
877 1766 992 1810 febris,

1331 1257 1334 1265 -
1327 1077 1335 1224 -.σ-«οαο-Ρ
