1320 1932
428 67 649 102 AENEIDOS
674 66 762 101 LIB.
787 67 828 102 X.
1120 69 1186 100 303

74 135 203 169 Fronte
218 135 300 169 ferit
317 138 454 177 terram,
472 138 507 168 et
524 145 677 167 crassum
694 133 803 167 vomit
820 145 875 167 ore
893 145 1057 168 cruorem.

73 181 155 214 Tres
173 192 309 225 quoque
326 180 502 213 Threicios
519 180 636 213 Boreae
653 179 696 212 de
712 184 815 223 gente
833 191 1003 223 suprema,
1120 181 1188 213 350

74 226 120 260 Et
136 230 216 269 tres,
234 237 318 270 quos
338 226 416 259 Idas
434 229 534 269 pater
550 228 585 258 et
602 225 717 268 patria
736 225 868 258 Ismara
884 225 1007 268 mittit,

74 271 141 305 Per
157 272 269 305 varios
288 271 411 304 sternit
428 281 535 304 casus.
584 270 746 303 Accurrit
764 270 924 313 Halesus,

74 317 317 360 Auruncaeque
333 327 457 350 manus
471 328 480 357 ;
505 315 599 349 subit
617 319 652 349 et
668 316 848 359 Neptunia
865 316 986 359 proles,

75 362 228 406 Insignis
245 362 426 406 Messapus
443 362 548 405 equis.
596 361 780 405 Expellere
797 362 949 394 tendunt

74 407 108 441 N
110 419 178 441 unc
194 407 242 451 hi,
259 418 353 440 nunc
368 407 423 440 illi
437 419 446 448 3
471 410 625 440 certatur
642 406 763 439 limine
782 406 817 439 in
834 406 908 450 ipso

74 453 246 486 Ausoniae.
294 453 425 495 Magno
442 452 614 485 discordes
631 452 757 485 aethere
774 452 871 486 venti

75 498 202 532 Proelia
218 509 282 531 ceu
298 498 429 531 tollunt
446 498 571 531 animis
588 501 623 531 et
640 497 771 531 viribus
788 497 895 541 aequis
909 509 918 539 ;

74 543 154 577 Non
170 543 236 587 ipsi
252 544 344 577 inter
361 555 405 586 se,
422 554 493 576 non
510 543 639 586 nubila,
657 554 726 576 non
742 554 837 577 mare
853 543 981 576 cedunt
995 555 1004 584 ;

75 589 213 633 Anceps
229 600 348 633 pugna
366 589 427 621 diu
441 601 449 629 ;
475 592 570 622 stant
588 588 707 621 obnixi
723 601 732 629 ;
757 589 873 622 omnia
891 592 1019 622 contra.

78 635 184 668 Haud
201 635 302 668 aliter
320 635 475 677 Trojanae
492 634 581 667 acies
598 634 755 677 aciesque
772 634 905 676 Latinae
1123 637 1190 668 360

77 680 295 714 Concurrunt
308 693 317 721 3
341 679 450 712 haeret
467 679 554 723 pede
570 691 640 723 pes,
659 680 853 723 densusque
870 680 943 714 viro
960 680 1022 715 vir.

122 725 171 759 At
189 729 287 769 parte
303 736 346 758 ex
363 725 442 767 alia,
460 736 529 768 qua
546 736 630 758 saxa
645 725 798 758 rotantia
815 725 885 759 late

78 771 271 814 Impulerat
288 774 421 803 torrens
438 770 648 814 arbustaque
665 770 781 803 diruta
797 770 892 814 ripis,

76 817 239 859 Arcadas,
256 816 409 848 insuetos
426 815 515 848 acies
532 815 659 849 inferre
675 815 859 859 pedestres,

78 862 126 895 Ut
144 861 232 895 vidit
249 861 364 894 Pallas
381 861 480 894 Latio
497 861 578 894 dare
595 865 694 904 terga
710 861 849 904 sequaci
862 873 871 902 ;

78 907 210 951 Aspera
226 906 322 950 queis
340 910 468 939 natura
485 906 551 939 loci
568 907 744 939 dimittere
761 907 900 950 quando

78 951 196 986 Suasit
213 963 317 994 equos
332 963 338 985 :
364 963 476 984 unum
492 952 584 995 quod
600 951 700 985 rebus
717 956 826 985 restat
843 952 969 995 egenis,

78 997 181 1031 Nune
197 1008 308 1041 prece,
325 1008 420 1031 nunc
437 997 539 1030 dictis
557 997 723 1031 virtutem
739 998 898 1031 accendit
914 999 1060 1031 amaris:

82 1042 187 1084 “Quo
203 1042 336 1085 fugitis,
355 1042 435 1075 socii
450 1042 462 1075 [l
487 1053 548 1085 per
565 1052 623 1074 vos
640 1047 675 1074 et
692 1042 795 1076 sortia
813 1044 917 1085 facta,

79 1088 145 1121 Per
162 1088 259 1121 ducis
276 1087 430 1122 Evandri
447 1099 582 1131 nomen,
600 1087 805 1131 devictaque
822 1087 922 1131 bella,
1124 1088 1192 1122 370

79 1134 251 1178 Spemque
266 1145 390 1176 meam,
407 1133 530 1177 patriae
548 1144 622 1175 quae
640 1144 734 1166 nunc
751 1132 845 1166 subit
863 1132 988 1166 aemula
1004 1133 1111 1176 laudi,

79 1179 195 1213 Fidite
212 1190 256 1212 ne
272 1178 427 1223 pedibus.
477 1178 579 1211 Ferro
596 1178 789 1222 rumpenda
804 1189 866 1230 per
883 1178 997 1211 hostes

79 1224 142 1258 Est
159 1225 226 1258 via,
275 1225 352 1264 Qua
368 1223 492 1266 globus
509 1223 568 1256 ille
585 1224 700 1257 virum
717 1223 939 1257 denfflssimus
955 1227 1067 1267 urget,

80 1270 158 1303 Hac
175 1281 233 1303 vos
251 1273 286 1302 et
303 1269 466 1302 Pallanta
483 1269 607 1302 ducem
623 1269 737 1312 patria
754 1269 827 1302 alta
843 1269 999 1313 reposcit.

80 1315 236 1349 Numina
252 1315 351 1347 nulla
367 1318 529 1358 premunt
544 1326 552 1355 ;
577 1314 716 1347 mortali
732 1325 895 1357 urgemur
911 1314 954 1347 ab
972 1315 1068 1348 hoste

80 1360 245 1394 Mortales
260 1372 269 1401 ;
293 1360 439 1393 totidem
455 1359 553 1392 nobis
570 1359 762 1403 animaeque
778 1371 979 1403 manusque.

80 1406 179 1450 Ecce,
196 1406 300 1438 maris
317 1416 444 1448 magna
461 1405 594 1438 claudit
610 1416 672 1438 nos
689 1405 797 1448 objice
813 1409 941 1448 pontus
956 1417 965 1446 ;

80 1451 186 1485 Deest
197 1453 273 1495 jam
290 1455 382 1483 terra
397 1451 489 1493 fugae
504 1462 511 1484 :
536 1451 680 1494 pelagus
697 1450 878 1493 Trojamne
895 1454 1051 1494 petemus
1065 1450 1100 1484 ‘1²’

81 1497 167 1530 Haec
184 1497 244 1539 ait,
262 1500 297 1529 et
313 1496 448 1528 medius
465 1496 586 1529 densos
602 1496 797 1539 prorumpit
814 1496 851 1528 in
867 1495 991 1530 hostes.

82 1542 212 1576 Obvius
230 1541 312 1574 huic
329 1542 490 1584 primum,
507 1541 589 1574 fatis
607 1541 779 1574 adductus
796 1541 934 1584 iniquis,
1125 1543 1194 1575 380

82 1587 141 1620 Fit
158 1587 273 1630 Lagus
287 1599 294 1620 :
319 1586 423 1630 hunc,
440 1598 566 1630 magno
582 1586 681 1620 vellit
698 1587 782 1619 dum
798 1586 948 1630 pondere
965 1598 1097 1630 saxum,

84 1632 221 1666 Intorto
237 1632 316 1675 figit
333 1632 411 1675 telo,
429 1632 628 1665 discrimina
645 1632 747 1665 costis

83 1677 150 1711 Per
165 1678 320 1710 medium
337 1688 406 1721 qua
423 1678 523 1721 spina
540 1677 646 1710 dabat
660 1689 668 1718 ;
693 1677 898 1720 hastamque
914 1681 1069 1721 receptat

84 1723 225 1757 Ossibus
241 1723 438 1757 haerentem.
487 1723 597 1764 Quem
614 1734 683 1756 non
700 1734 803 1767 super
819 1723 964 1757 occubat
982 1722 1102 1766 Hisbo,
