1345 1927
371 59 638 94 GEORGICON
663 60 750 94 LIB.
777 61 845 94 III.
1123 64 1163 94 61

49 125 126 159 Hoc
141 125 288 169 faciunt,
304 126 412 159 nimio
428 138 472 159 ne
488 126 578 159 luxu
595 126 747 159 obtusior
763 138 845 159 usus

48 171 102 204 Sit
117 171 264 214 genitali
280 183 371 214 arvo,
389 176 423 205 et
440 171 550 205 sulcos
567 171 710 205 oblimet
725 172 852 205 inertes
867 184 875 213 ς

48 215 116 250 Sed
131 218 246 260 rapiat
263 217 383 250 sitiens
401 217 580 260 Venerem,
596 217 811 260 interiusque
826 217 1000 251 recondat.

95 262 227 295 Rursus
244 273 327 295 cura
343 267 483 306 patrum
500 263 630 305 cadere,
647 267 683 296 et
700 263 879 296 succedere
895 268 1048 296 matrum

49 306 189 351 Incipit.
237 307 380 341 Exactis
397 308 551 351 gravidae
569 319 678 361 quum
693 307 868 341 mensibus
885 314 1012 351 errant,

47 352 128 386 Non
143 353 221 386 illas
237 353 400 396 gravibus
418 353 602 397 quisquam
615 355 704 397 juga
720 353 843 386 ducere
861 335 1034 405 plaustris,
1100 355 1165 387 140

48 397 82 431 N
84 409 128 431 on
145 398 237 432 saltu
253 409 414 442 superare
429 399 522 432 viam
540 398 585 431 sit
601 410 731 451 passus,
749 403 783 431 et
800 399 871 432 acri

50 443 195 487 Carpere
211 448 312 495 prata
328 444 424 488 fuga,
439 444 657 488 fluviosque
648 455 769 477 innare
784 456 947 488 rapaces:

49 488 228 522 Saltibus·
218 500 256 522 m
271 490 390 522 vacuis
406 494 560 533 pascant,
578 494 613 523 et
628 490 732 533 plena
748 490 937 523 secundum

48 533 223 578 Flumina,
240 545 380 568 muscus
396 534 457 568 ubi
473 540 509 568 et
525 535 734 568 viridissima
749 536 905 578 gramine
921 536 1006 580 ripa,

49 579 73 613 S
75 580 299 623 peluncaeque
315 584 447 632 tegant,
465 584 500 614 et
517 592 620 614 saxea
635 581 802 624 procubet
818 581 950 616 umbra.

49 624 114 658 Est
129 625 224 659 lucos
241 625 344 659 Silari
361 626 452 659 circa
466 626 672 670 ilicibusque
689 626 858 659 virentem

49 670 227 704 Plurimus
243 671 440 704 Alburnum
456 672 614 714 volitans,
632 671 689 704 0111
705 683 830 704 nomen
846 672 929 705 asilo

51 715 247 749 Romanum
264 720 324 760 est,
342 721 485 749 oestrum
502 717 596 750 Graii
612 721 744 750 vertere
760 722 921 750 vocantes
936 730 944 758 ;

48 761 169 805 Asper,
186 762 310 795 acerba
326 773 449 795 sonans
463 774 472 803 ;
497 773 564 805 quo
580 766 654 795 tota
672 763 837 795 exterrita
854 763 949 796 silvis

48 806 252 850 Diffugiunt
268 812 434 851 armenta,
450 807 537 840 furit
553 807 745 850 mugitibus
763 807 871 840 aether
1102 811 1166 842 150

50 851 253 896 Concussus,
270 853 434 896 silvaeque
451 857 486 885 et
503 852 584 885 sicci
600 853 676 896 ripa
693 852 852 896 Tanagri.

49 896 127 930 Hoc
144 879 318 942 quondam
333 902 486 931 monstro
502 898 682 931 horribiles
699 898 854 932 exercuit
870 898 938 932 iras

51 942 205 977 Inachiae
222 944 247 977 J
248 955 318 977 uno
334 948 467 988 pestem
482 944 678 977 meditata
663 955 833 987 Juvencae.

49 987 158 1022 Hunc
175 1000 319 1033 quoque,
336 1001 418 1023 nam
433 989 556 1022 mediis
572 989 767 1023 fervoribus
785 989 894 1022 acrior
910 989 1030 1034 instat,

49 1033 192 1067 Arcebis
208 1035 351 1078 gravido
367 1034 490 1079 pecori,
509 1039 733 1078 armentaque
750 1046 876 1078 pasces,

50 1078 128 1114 Sole
142 1091 261 1113 recens
278 1084 361 1124 orto,
379 1085 441 1113 aut
456 1084 594 1113 noctem
610 1080 816 1113 ducentibus
833 1081 941 1114 astris.

96 1125 179 1159 Post
195 1129 335 1170 partum
352 1137 435 1159 cura
450 1126 488 1158 in
504 1125 632 1159 vitulos
648 1126 845 1159 traducitur
861 1127 991 1161 omnis:

52 1170 291 1215 Continuoque
306 1175 406 1204 notas
423 1175 458 1204 et
473 1171 614 1204 nomina
630 1171 744 1214 gentis
760 1172 914 1215 inurunt,

50 1215 98 1249 Et
114 1227 199 1260 quos
215 1220 278 1250 aut
293 1217 408 1261 pecori
423 1217 549 1250 malint
565 1217 768 1250 submittere
784 1217 952 1261 habendo,

50 1261 124 1295 Aut
141 1262 208 1295 aris
225 1274 358 1295 servare
375 1274 494 1305 sacros,
512 1266 574 1295 aut
591 1262 744 1295 scindere
760 1266 897 1305 terram,
1105 1266 1168 1297 160

50 1306 99 1340 Et
116 1318 277 1352 campum
293 1307 489 1340 horrentem
504 1307 624 1340 fractis
641 1308 810 1340 invertere
827 1308 952 1350 glebis:

52 1352 173 1385 Cetera
188 1357 380 1397 pascuntur
396 1353 521 1386 virides
538 1358 694 1386 armenta.
710 1364 771 1396 per
787 1353 918 1386 herbas.

51 1397 105 1430 'ru
122 1409 206 1441 quos
222 1399 267 1431 ad
284 1399 438 1432 studium
455 1402 561 1441 atque
577 1409 679 1431 usum
695 1398 857 1431 formabis
874 1403 1054 1443 agrestem,

51 1442 136 1476 Jam
152 1443 280 1477 vitulos
296 1443 443 1487 hortare,
460 1444 621 1487 viamque
637 1443 757 1476 insiste
774 1444 946 1486 domandi,

51 1488 146 1522 Dum
161 1489 280 1522 faciles
297 1489 406 1522 animi
417 1490 599 1541 juvenum,
617 1489 700 1522 dum
716 1489 851 1522 mobilis
869 1495 961 1524 aetas.

50 1533 103 1567 Ac
120 1534 272 1578 primum
287 1535 384 1568 laxos
402 1534 500 1568 tenui
518 1535 560 1568 de
577 1535 706 1568 vimine
723 1535 843 1568 circlos

53 1579 186 1613 Cervici
202 1580 390 1621 subnecte,
383 1593 389 1600 ·
415 1580 550 1633 dehinc,
567 1579 628 1613 ubi
644 1579 751 1613 libera
769 1580 856 1614 colla

52 1624 199 1659 Sei-vitio
216 1626 396 1669 assuerint,
412 1626 495 1670 ipsis
512 1637 531 1659 e
547 1625 728 1669 torquibus
745 1631 843 1669 aptos

52 1670 78 1703 J
80 1682 173 1714 unge
189 1682 297 1724 pares,
315 1676 350 1705 et
367 1683 449 1715 coge
465 1671 614 1715 gradum
630 1671 808 1704 conferre
794 1683 985 1714 ι](1νο11003;

53 1716 169 1760 Atque
184 1716 280 1750 illis·
265 1728 341 1762 Jam
357 1728 447 1761 saepe
462 1722 546 1750 rotae
563 1717 760 1751 ducantur·
751 1728 871 1751 manes
1105 1722 1169 1752 170
