1320 1932
385 80 602 115 AENEIDOS
626 81 713 115 LIB.
739 82 843 115 VIII.
1104 83 1172 116 263

58 148 259 192 Confugere,
277 151 313 182 et
329 149 436 182 Turni
453 149 629 182 defendier
645 149 791 192 hospitis
807 149 919 182 armis.

58 194 150 237 Ergo
167 194 278 227 omnis
293 194 394 227 furiis
412 194 562 227 surrexit
579 194 722 227 Etruria
733 194 839 237 justis
855 206 864 234 3

60 239 190 282 Regem
206 239 250 272 ad
268 239 477 283 supplicium
494 239 655 283 praesenti
671 239 786 272 Marte
801 242 994 282 reposcunt.

59 284 125 317 His
141 296 204 327 ego
220 288 265 327 te,
282 285 401 327 AEnea,
419 285 597 318 ductorem
612 284 767 317 millibus
783 284 919 317 addam.

57 329 142 363 Toto
159 341 310 373 namque
326 330 480 363 fremunt
497 330 676 362 condensae
692 329 794 362 litore
810 340 953 373 puppes,

57 374 232 418 Signaque
248 375 337 408 ferre
348 374 475 418 jubent
489 387 497 415 ;
521 375 649 408 retinet
665 374 843 418 longaevus
860 375 1035 418 haruspex

57 420 146 454 Fata
162 431 288 454 canens
303 432 309 453 :
336 420 363 453 O
381 420 540 454 Maeoniae
558 420 691 453 delecta
703 422 881 463 juventus,

57 465 137 498 Flos
153 469 311 499 veterum
327 466 505 509 virtusque
521 466 645 508 virum,
664 477 748 508 quos
759 466 876 509 justus
892 465 930 498 in
947 465 1080 499 hostem
1105 467 1172 499 500

58 509 140 544 Fert
157 511 261 553 dolor,
278 515 314 544 et
329 511 455 544 merita
471 511 630 544 accendit
646 510 841 544 Mezentius
857 511 919 553 ira,

57 555 157 588 Nulli
173 556 226 589 fas
243 556 332 589 Italo
349 561 485 590 tantam
503 556 710 600 subjungere
727 560 867 599 gentem
883 568 890 589 :

57 600 228 635 Externos
245 606 363 645 optate
379 602 491 635 duces.
539 602 628 634 Tum
645 601 793 634 Etrusca
808 601 937 634 resedit

59 646 136 680 Hoc
153 647 242 680 acies
260 658 390 691 campo,
407 647 549 680 monitis
567 647 734 680 exterrita
751 647 881 680 divum.

59 691 138 735 Ipse
154 696 303 725 oratores
319 692 365 726 ad
380 703 436 725 me
451 693 618 736 regnique
635 703 795 725 coronam

59 736 146 770 Cum
163 742 296 781 sceptro
312 738 416 779 misit,
434 737 645 781 mandatque
661 737 813 780 insignia
829 737 996 780 Tarchon,

58 782 248 816 Succedam
265 783 395 825 castris,
412 782 658 826 Tyrrhenaque
674 793 781 825 regna
798 793 982 826 capessam.

58 828 125 861 Sed
141 828 229 860 mihi
245 828 346 861 tarda
362 827 443 871 gelu
460 827 637 871 saeclisque
655 827 757 860 effeta
774 832 932 861 senectus

58 873 198 906 Invidet
213 873 407 917 imperium,
424 884 574 916 seraeque
590 873 634 906 ad
651 873 756 906 fortia
771 873 869 906 vires.

55 918 190 952 Natum
206 918 415 961 exhortarer,
432 919 469 951 m‘
485 919 618 951 mixtus
635 922 746 951 matre
763 918 900 952 Sabella
1106 920 1173 952 510

58 963 152 997 Hinc
169 967 303 1007 partem
319 945 440 1007 patriae
457 964 644 997 traheret·
667 964 729 1007 Tu,
747 965 847 1007 cujus
864 967 899 997 et
915 964 1015 997 annis

55 1008 103 1042 Et
118 1009 236 1052 generi
251 1009 326 1042 fata
342 1009 536 1053 indulgent,
555 1020 658 1052 quem
674 1010 819 1042 numina
835 1014 992 1053 poscunt,

57 1054 251 1098 Ingredere,
268 1066 287 1087 0
304 1054 474 1088 Teucrum
491 1059 597 1098 atque
615 1055 746 1088 Italum
762 1055 948 1088 fortissime
965 1055 1098 1089 ductor.

57 1099 163 1133 Hune
180 1099 245 1133 tibi
261 1104 436 1143 praeterea,
454 1111 529 1144 spes
546 1105 581 1133 et
598 1100 721 1133 solatia
737 1101 858 1142 nostri,

57 1145 219 1178 Pallanta
235 1145 425 1189 adjungam
441 1158 449 1186 3
475 1145 537 1178 sub
554 1150 589 1178 te
605 1145 750 1179 tolerare
766 1145 932 1188 magistro

57 1190 224 1224 Militiam
241 1195 276 1224 et
292 1202 397 1242 grave
415 1190 539 1224 Martis
556 1202 652 1234 opus,
669 1196 731 1224 tua
749 1202 886 1224 cernere
902 1191 997 1225 faeta

57 1236 251 1278 Assueseat,
268 1236 388 1279 primis
405 1241 439 1269 et
456 1240 491 1269 te
508 1236 653 1269 miretur
670 1236 713 1269 ab
729 1237 838 1269 annis.

57 1281 210 1314 Arcadas
227 1281 309 1314 huic
326 1281 458 1324 equites
475 1280 527 1313 bis
545 1286 696 1322 eentum,
713 1281 834 1314 robora
850 1281 952 1325 pubis

56 1326 171 1369 Lecta,
189 1325 300 1367 dab03
324 1327 539 1369 totidemque
557 1338 616 1359 suo
634 1308 700 1360 tibi
717 1327 855 1360 nomine
872 1324 1013 1361 Pallas?

104 1372 173 1405 Vix
191 1383 232 1405 ea
247 1352 342 1404 fat'us
359 1376 458 1412 erat;
483 1371 656 1415 defixique
673 1383 731 1406 ora
748 1372 915 1406 tenebant
1107 1375 1174 1406 520

57 1417 183 1450 AEneas
201 1417 429 1450 Anchisiades
447 1422 481 1450 et
497 1416 588 1449 fidus
605 1417 764 1459 Achates,

57 1462 240 1506 Multaque
257 1462 344 1495 dura
361 1473 422 1495 suo
439 1462 532 1495 tristi
549 1473 628 1495 cum
646 1462 746 1496 corde
762 1463 937 1506 putabant
953 1475 960 1497 :

41 1508 90 1541 ·N
91 1508 103 1540 i
120 1508 259 1551 signum
277 1507 360 1540 coelo
379 1507 548 1551 Cytherea
565 1508 714 1541 dedisset
730 1512 858 1551 aperto.

56 1553 215 1597 Namque
232 1552 416 1597 improviso
433 1553 588 1586 vibratus
605 1553 648 1586 ab
665 1553 792 1586 aethere
808 1554 924 1597 fulgor

58 1599 145 1632 Cum
162 1599 278 1632 sonitu
294 1599 400 1639 venit,
419 1604 453 1631 et
470 1610 569 1631 ruere
586 1599 702 1632 omnia
718 1599 792 1632 visa
806 1603 959 1643 repente,

58 1644 322 1695 Tyrrhenusque
339 1643 434 1677 tubae
450 1644 584 1687 mugire
600 1655 661 1688 per
678 1644 806 1677 aethera
823 1645 971 1688 clangor.

58 1689 283 1733 Suspiciunt:
308 1689 436 1722 iterum
452 1693 558 1741 atque
574 1689 701 1722 iterum
717 1689 834 1733 fragor
850 1690 1008 1734 increpat
1023 1690 1156 1735 ingens.

58 1736 165 1768 Arma
179 1735 271 1769 inter
287 1734 415 1768 nubem
433 1734 535 1768 eoeli'
525 1746 563 1768 111
578 1735 717 1779 regione
733 1746 853 1770 serena
