1320 1932
439 47 659 81 AENEIDOS
684 47 773 81 LIB.
799 47 839 81 X.
1136 50 1204 82 295

87 112 214 156 Redde,
230 124 297 156 oro,
314 114 447 148 miseris
461 127 470 156 ;
495 115 690 159 iterumque
706 114 880 148 revolvere
896 126 995 149 casus

82 160 146 202 Da,
163 163 269 203 pater,
287 159 410 193 Iliacos
427 158 596 192 Teucris.'’
645 159 733 191 Tum
750 159 845 202 regia
863 160 959 192 Juno

83 207 170 238 Aeta
186 205 300 238 furore
317 205 414 248 gravi
428 216 436 238 z
462 205 480 221 “
492 204 583 245 Quid
599 216 654 237 me
671 204 749 243 altar
760 204 899 237 silentia
916 204 1009 245 cogis

85 247 268 291 Rumpere,
285 252 321 281 et
338 247 527 281 obductum
543 247 655 281 verbis
673 247 816 291 vulgare
834 247 1010 281 dolorem?

83 293 219 326 AEnean
235 293 416 326 hominum
432 293 615 337 quisquam
633 293 822 336 divumque
839 293 977 336 subegit

83 338 181 372 Bella
200 339 306 382 sequi,
323 342 386 372 aut
402 339 536 372 hostem
552 338 625 381 regi
642 350 677 371 se
694 338 821 372 inferre
839 339 964 372 Latino
978 338 990 372 2

83 383 225 417 Italiam
241 384 323 417 fatis
340 384 443 427 petiit
459 384 824 417 auctoribus—esto—

83 429 280 462 Cassandrae
297 429 467 473 imPulsus
484 429 595 463 furiis.
643 429 738 462 Num
754 429 911 473 linquere
928 433 1041 463 castra

82 474 225 508 Hortati
242 486 361 508 sumus
377 479 440 508 aut
457 475 567 508 vitam
584 475 798 508 committere
815 475 928 508 ventis
942 475 955 509 2

81 518 176 553 Num
193 531 298 564 puero
316 532 486 553 summam
502 520 594 564 belli,
612 532 696 553 num
714 520 851 554 credere
867 532 983 554 muros
997 520 1009 554 2
1157 522 1201 555 70

82 565 340 609 Tyrrhenamve
356 566 459 598 fidem
476 570 538 599 aut
555 570 675 609 gentes
693 566 826 609 agitare
844 567 978 610 quietas
992 566 1004 599 2

83 610 167 652 Quis
185 611 269 644 deus
287 611 324 644 in
340 611 509 654 fraudem,
527 622 602 655 quae
620 611 708 644 dura
724 612 882 655 potentia
897 612 1006 645 nostri

81 656 165 699 Egit
179 656 191 690 2
240 656 307 690 Ubi
325 657 382 689 hic
398 657 424 690 J
426 668 504 700 uno,
523 657 712 690 demissave
729 656 878 690 nubibus
897 657 961 690 Iris
976 657 988 690 'l

83 702 276 745 Indignum
293 706 355 745 est,
373 702 480 735 Italos
497 703 634 746 Trojam
652 703 866 735 circumdare
882 702 1030 736 fiammis

80 748 114 780 N
115 752 299 791 ascentem,
317 752 352 781 et
368 748 482 791 patria
500 748 656 780 Turnum
674 748 857 781 consistere
875 752 976 791 terra,

82 793 146 826 Cui
163 793 345 826 Pilumnus
362 805 458 836 avus,
476 793 533 826 cui
551 793 632 826 diva
650 793 788 826 Venilia
804 797 923 827 mater.

83 838 184 881 Quid,
202 839 277 872 face
295 839 457 882 Trojanos
474 843 550 872 atra
567 839 639 871 vim
655 839 744 871 ferre
761 838 895 871 Latinis
909 838 921 872 2

81 884 175 918 Arva
191 884 305 918 aliena
317 886 403 928 jugo
421 895 583 928 premere,
601 888 706 928 atque
723 884 903 918 advertere
920 885 1054 928 praedas
1071 885 1084 919 ‘l

82 929 184 973 Quid,
202 941 331 963 soceros
348 930 470 974 legere,
487 934 522 963 et
539 930 678 973 gremiis
695 929 865 963 abducere
882 934 1001 974 pactas
1016 930 1028 964 2

81 974 207 1008 Pacem
224 987 319 1008 orare
335 987 452 1018 manu,
470 976 647 1020 praefigere
665 974 840 1019 puppibus
857 987 953 1009 arma
969 975 981 1010 2
1155 979 1199 1010 80

81 1020 134 1053 Tu
151 1025 247 1065 potes
264 1021 400 1054 AEnean
416 1021 577 1054 manibus
595 1021 785 1054 subducere
803 1021 956 1065 Graium,

81 1065 216 1110 Proque
233 1067 306 1099 viro
322 1066 485 1100 nebulam
503 1070 537 1099 et
554 1071 674 1100 ventos
692 1066 876 1099 obtendere
892 1067 1012 1101 inanes
1028 1079 1037 1108 3

80 1111 127 1145 Et
144 1116 240 1155 potes
257 1112 294 1144 in
311 1112 457 1145 totidem
474 1112 617 1145 classem
634 1116 832 1145 convertere
849 1112 1020 1156 nymphas
1035 1125 1042 1147 :

79 1156 151 1190 Nos
168 1157 300 1201 aliquid
319 1158 467 1194 Rutulos
484 1161 604 1191 contra
615 1158 757 1201 juvisse,
774 1158 966 1191 nefandum
983 1162 1034 1192 est
1048 1158 1060 1192 Ί

80 1202 209 1236 AEneas
226 1203 368 1246 ignarus
385 1202 482 1236 abest
496 1215 502 1237 :
528 1204 669 1246 ignarus
687 1207 722 1235 et
738 1203 837 1236 absit.

81 1248 145 1281 Est
162 1248 313 1292 Paphus,
332 1248 552 1292 Idaliumque
570 1248 643 1291 tibi,
662 1252 744 1281 sunt
761 1248 833 1281 alta
851 1247 1002 1292 Cythera
1017 1261 1025 1283 :

83 1293 174 1334 Quid
191 1294 371 1337 gravidam
387 1294 486 1327 bellis
504 1294 624 1327 urbem
641 1298 676 1327 et
693 1293 795 1326 corda
811 1305 932 1337 aspera
950 1298 1063 1328 tentas
1077 1294 1090 1328 ’ἱ

80 1339 196 1372 Nosne
212 1339 278 1372 tibi
294 1339 407 1372 fluxas
425 1339 585 1382 Phrygiae
602 1350 655 1372 res
672 1343 804 1372 vertere
821 1339 930 1372 fundo

82 1384 254 1417 Conamur
270 1384 282 1418 2
307 1396 368 1418 nos
385 1385 397 1418 2
422 1396 467 1418 an
484 1385 622 1418 miseros
640 1385 700 1428 qui
718 1385 822 1418 Troas
840 1385 979 1418 Achivis

82 1429 244 1474 Objecit‘l
269 1442 346 1474 quae
364 1442 469 1463 causa
484 1430 563 1473 fuit,
581 1441 785 1473 consurgere
801 1430 838 1462 in
856 1441 951 1464 arma
1152 1433 1197 1465 90

81 1475 324 1519 Europamque
342 1476 537 1519 Asiamque,
554 1479 589 1508 et
605 1475 735 1509 foedera
752 1475 882 1509 solvere
898 1476 991 1509 furto
1008 1475 1021 1510 Τ

81 1521 140 1553 Me
157 1521 244 1554 duce
262 1521 458 1554 Dardanius
476 1521 636 1564 Spartam
653 1521 869 1564 expugnavit
886 1521 1049 1556 adulter?

81 1565 155 1599 Aut
172 1577 234 1609 ego
251 1567 322 1600 tela
339 1567 428 1609 dedi,
446 1567 559 1600 fovive
577 1567 747 1610 Cupidine
764 1566 855 1600 bella
870 1566 882 1600 2

81 1611 170 1645 Tum
188 1612 305 1645 decuit
321 1613 485 1645 metuisse
502 1612 572 1645 tuis
588 1625 596 1653 3
622 1623 716 1645 nunc
734 1623 808 1645 sera
826 1611 973 1655 querelis

82 1657 188 1690 Haud
200 1657 305 1699 justis
323 1658 483 1701 assurgis,
500 1661 535 1691 et
551 1658 651 1690 irrita
662 1658 781 1701 jurgia
792 1656 936 1701 jactas.”

128 1702 269 1736 Talibus
286 1703 405 1737 orabat
422 1704 448 1737 J
450 1714 518 1737 uno
532 1715 539 1738 :
564 1703 751 1746 cunctique
767 1702 961 1738 fremebant
