1345 1927
151 85 196 117 50
463 83 500 118 P.
519 83 724 117 VIRGILII
750 82 919 116 MARON
924 82 965 117 IS

151 148 314 192 Possunt,
331 152 437 194 atque
453 151 523 184 ima
541 151 669 184 similes
685 151 889 185 revirescere
906 154 999 185 terra
1012 159 1050 185 :w
1074 159 1078 164 ’

151 194 284 230 Infelix
306 200 447 239 superat
463 196 555 229 foliis
572 196 718 230 oleaster
734 197 868 230 amaris.
1126 229 1136 238 ,

126 247 145 265 s
199 241 233 274 N
236 252 275 275 ec
293 241 357 274 tibi
375 245 448 275 tam
464 242 617 286 prudens
634 243 817 286 quisquam
834 243 1042 286 persuadeat
1059 245 1190 285 auctor,

152 286 326 321 Tellurem
343 287 445 321 borea
461 288 612 330 rigidam
630 288 782 332 spirante
799 288 937 322 moveri.

152 332 249 367 Rura
265 332 348 376 gelu
365 337 442 366 tum
460 333 593 366 claudit
610 333 719 366 hiems
735 346 742 374 3
767 345 830 367 nec
848 334 976 367 semine
989 335 1085 379 jacto

152 378 359 412 Concretam
375 380 511 423 patitur
527 379 679 412 radicem
695 379 834 422 affigere
852 383 960 414 terrae.

152 424 300 468 Optima
316 425 442 458 vinetis
460 425 556 468 satio,
575 436 683 468 quum
699 436 777 459 vere
793 425 934 459 rubenti

152 470 310 504 Candida
326 471 424 504 venit
441 471 523 514 avis,
542 471 654 514 longis
671 471 784 504 invisa
801 470 950 505 colubris
967 483 975 512 ;
1208 470 1276 504 320

151 515 270 550 Prima
287 516 343 550 vel
360 517 543 550 auctumni
560 516 624 549 sub
641 517 779 560 frigora,
797 528 907 561 quum
924 517 1068 561 rapidus
1086 515 1144 549 Sol

151 562 317 596 Nondum
333 562 483 595 hiemem
500 563 673 606 contingit
690 562 795 606 equis,
809 565 884 606 jam
902 563 1057 606 praeterit
1075 566 1183 596 aestas.

153 608 224 642 Ver
240 608 326 642 adeo
342 608 459 641 frondi
475 619 665 650 nemorum,
683 620 744 641 ver
759 609 847 641 utile
865 608 960 642 silvis
975 621 983 649 ;

152 643 398 688 Vere‘t'ffinent
415 658 515 687 terrae
533 658 568 687 et
585 654 754 697 genitalia
770 654 902 687 semina
918 657 1076 699 poscunt.

152 700 242 733 Tum
258 703 357 744 pater
374 700 590 744 omnipotens
607 700 765 733 fecundis
783 699 950 734 imbribus
966 700 1093 734 AEther

153 746 317 790 Conjugis
334 746 371 778 in
388 746 559 789 gremium
576 745 666 779 laetae
685 746 871 789 deseendit,
890 750 926 780 et
943 757 1060 779 omnes

151 791 304 836 Magnus
321 792 394 835 alit,
408 803 534 834 magno
552 792 761 825 commixtus
779 803 926 836 corpore,
943 792 1046 826 fetus.

154 837 244 871 Avia
260 842 337 871 turn
353 841 515 870 resonant
534 837 655 871 avibus
673 838 827 881 virgulta
844 838 988 881 canoris,

153 880 197 918 Et
215 884 385 916 Venerem
402 883 503 917 certis
520 887 684 927 repetunt
701 887 858 917 armenta
875 883 996 917 diebus
1011 895 1018 917 :

130 929 311 973 >,Parturit
328 929 440 962 almus
457 940 548 972 ager,
567 929 778 973 zephyrique
795 929 995 973 tepentibus
1012 928 1105 963 auris
1208 929 1276 963 330
1343 940 1345 974 g

152 975 291 1009 Laxant
308 986 391 1008 arva
408 975 503 1008 sinus
520 987 528 1015 3
554 978 694 1018 superat
712 980 810 1008 tener
826 974 986 1009 omnibus
1002 975 1127 1008 humor
1141 986 1148 1009 :
1335 976 1339 993 ²

152 1021 265 1065 Inque
282 1032 387 1054 novos
405 1021 491 1054 soles
509 1020 642 1054 audent
658 1032 693 1054 se
710 1021 867 1064 germina
884 1024 962 1054 tuto

153 1067 308 1110 Credere,
326 1078 389 1100 nec
405 1067 533 1099 metuit
551 1071 730 1110 surgentes
748 1067 934 1111 pampinus
951 1070 1095 1110 austros,

151 1113 226 1146 Aut
242 1120 361 1146 actum
378 1113 462 1146 coelo
479 1113 615 1156 magnis
632 1112 852 1156 aquilonibus
868 1113 1015 1146 imbrem
1029 1125 1036 1146 ε

153 1158 220 1192 Sed
237 1158 351 1198 tim-dit
367 1169 530 1202 gemmas,
549 1162 583 1191 et
599 1158 738 1192 frondes
755 1158 909 1209 erat
926 1169 1052 1192 omnes.

151 1204 231 1238 Non
248 1204 333 1238 alios
350 1204 463 1248 prima
480 1204 663 1237 crescentis
680 1204 812 1247 origine
829 1204 955 1237 mundi

152 1250 316 1284 Illuxisse
333 1250 415 1293 dies,
432 1249 584 1283 aliumve
600 1250 761 1283 habuisse
777 1254 932 1283 tenorem

153 1296 366 1330 Crediderim
381 1307 388 1329 :
414 1307 474 1330 ver
490 1295 579 1329 illud
597 1300 671 1329 erat
686 1308 694 1336 ;
719 1307 778 1329 ver
794 1307 943 1339 magnus
960 1295 1087 1339 agebat

153 1342 264 1385 Orbis,
282 1346 317 1375 et
334 1341 487 1374 hibernis
504 1341 693 1386 parcebant
711 1341 852 1375 flatibus
870 1341 954 1385 euri,

153 1388 270 1429 Quum
286 1387 408 1432 primae
425 1387 539 1420 lucem
555 1387 704 1432 pecudes
721 1388 876 1430 hausere,
894 1387 1080 1431 virumque
1208 1387 1276 1422 340

151 1433 279 1468 Ferrea
294 1433 474 1478 progenies
491 1433 586 1466 duris
603 1437 710 1478 caput
726 1433 856 1467 extulit
873 1433 974 1477 arvis,

153 1480 391 1523 Immissaeque
407 1479 488 1512 ferae
507 1479 602 1513 silvis
619 1484 654 1513 et
672 1480 785 1513 sidera
802 1479 895 1512 coelo.

151 1526 186 1559 N
187 1537 225 1559 ec
241 1537 295 1559 res
312 1526 406 1558 hunc
423 1529 550 1559 tenerae
568 1529 708 1570 possent
724 1525 874 1570 perferre
891 1525 1052 1567 laborem,

152 1572 189 1605 Si
205 1583 275 1605 non
292 1575 393 1605 tanta
409 1571 506 1615 quies
524 1571 590 1604 iret
607 1571 787 1614 frigusque
805 1571 1022 1614 caloremque

152 1618 259 1660 Inter,
277 1621 312 1651 et
329 1617 504 1661 exciperet
521 1617 598 1650 coeli
615 1617 838 1661 indulgentia
854 1620 971 1650 terras.

199 1663 297 1704 Quod
315 1667 479 1707 superest,
497 1674 725 1707 quaecumque
742 1673 875 1707 premes
891 1661 1046 1706 virgulta
1063 1672 1124 1705 per
1141 1672 1252 1705 agros,

150 1709 280 1754 Sparge
297 1709 378 1742 fimo
394 1709 527 1753 pingui,
546 1713 580 1742 et
596 1709 710 1742 multa
725 1719 856 1742 memor
872 1701 988 1742 occule
1003 1706 1097 1740 ‘terra
1112 1719 1119 1747 ;

149 1755 223 1791 Aut
240 1755 393 1799 lapidem
410 1755 579 1798 bibulum,
599 1759 661 1789 aut
679 1755 877 1800 squalentes
894 1753 1011 1787 infode
1029 1752 1177 1786 conchas
1194 1764 1204 1792 ς

1337 864 1345 897 ὲ
