1345 1927
444 66 662 100 AENEIDOS
686 67 773 99 LIB.
799 65 826 99 I.

129 129 218 164 Tum
233 132 385 167 breviter
401 133 501 174 Dido,
518 134 656 166 vultum
673 133 829 175 demissa,
848 133 1022 176 profatur:

88 175 250 209 “Solvite
263 174 362 209 corde
380 182 522 218 metum,
540 175 674 216 Teucri,
692 176 860 210 secludite
876 188 984 212 0111·5.3

88 221 153 254 Res
170 222 258 255 dura
273 227 309 255 et
325 221 424 264 regni
440 222 575 253 novitas
590 233 646 255 me
662 221 747 254 talia
763 226 894 265 cogunt

86 266 212 310 Moliri,
230 271 265 300 et
281 268 352 300 late
368 267 453 300 fines
470 267 611 300 custode
627 267 726 300 tueri.

88 312 171 353 Quis
187 324 296 356 genus
312 313 517 355 AEneadum,
535 312 612 356 quis
628 312 737 355 TroJ'ae
753 312 886 347 nesciat
901 312 1031 355 urbem,

87 357 311 402 Virtutesque
327 359 494 402 virosque,
511 363 573 391 aut
589 359 682 391 tanti
697 358 859 391 incendia
875 358 958 391 belli
969 358 981 391 ‘l

85 403 165 437 Non
181 403 304 437 obtusa
319 404 404 438 adeo
421 408 595 447 gestamus
611 408 750 448 pectora
768 403 866 436 Poeni
880 416 889 444 ;

84 448 157 482 Nec
174 453 247 482 tam
263 461 401 483 aversus
418 460 522 492 equos
539 449 642 493 Tyria
659 449 716 483 Sol
728 450 848 493 jungit
865 449 908 482 ab
925 449 1018 483 urbe.

85 493 153 527 Seu
170 506 228 528 vos
246 495 450 539 Hesperiam
465 506 653 538 magnam
646 495 876 538 Saturniaque
893 506 986 538 arva,

84 539 163 573 Sive
179 540 300 584 Erycis
316 542 401 574 fines
416 552 601 584 regemque
618 542 746 585 optatis
762 541 921 583 Acesten,

84 586 227 619 Auxilio
243 591 337 619 tutos
355 587 540 629 dimittam,
558 586 773 630 opibusque
759 598 824 631 Juv
826 586 898 620 ab0.

85 631 202 664 Vultis
220 636 255 665 et
271 632 325 665 his
341 643 477 665 mecum
493 633 622 676 pariter
639 632 812 666 considere
828 633 963 675 regnis;

79 677 214 717 Urbem
230 689 334 721 quam
352 682 476 719 statuo,
489 682 604 710 vestra
621 682 693 711 est:
719 678 900 711 subducite
916 689 1021 711 naves
1035 690 1044 719 ;

84 722 167 755 Tros
184 723 375 767 Tyriusque
391 723 478 755 mihi
495 723 591 756 nullo
609 723 807 756 discrimine
824 729 956 766 agetur.

84 769 201 811 Atque
217 768 353 802 utinam
369 780 430 801 rex
447 769 529 812 ipse,
546 773 628 801 noto
645 769 841 812 compulsus
858 769 986 812 eodem,

84 813 216 847 Afforet
232 814 383 848 AEneas.
378 817 383 838 ¹
426 814 597 857 Equidem
614 826 676 858 per
692 814 794 847 litora
811 818 920 847 certos

83 858 280 903 Dimittam‚
298 863 332 893 et
349 859 465 903 Libyae
482 859 628 893 lustrare
646 864 802 893 extrema
813 859 952 903 jubebo,

84 905 121 938 Si
138 905 261 948 quibus
278 906 408 949 ejectus
424 905 520 938 silvis
537 910 599 938 aut
615 905 758 938 urbibus
775 905 901 939 errat.”

130 950 196 983 Η15
212 951 368 984 animum
385 951 508 984 arrecti
526 951 637 994 (110115,
655 955 690 984 et
705 951 804 984 fortis
817 951 968 984 Achates

84 995 131 1029 Et
147 1001 248 1040 pater
261 997 390 1030 AEneas
402 997 613 1040 jamdudum
630 1008 807 1041 erumpere
824 996 952 1029 nubem

84 1008 271 1076 Ardlebant
311 1042 410 1075 Prior
425 1043 562 1076 AEnean
579 1043 763 1086 compellat
780 1042 951 1076 Achates:

86 1085 206 1120 “Nate
223 1087 297 1129 dea,
315 1097 392 1130 quae
409 1098 503 1120 nunc
521 1088 636 1121 animo
654 1088 827 1120 sententia
844 1087 956 1130 surgit
970 1086 982 1119 2

85 1131 209 1165 Omnia
225 1136 304 1165 tuta
320 1132 424 1174 vides,
443 1131 585 1164 classem
603 1131 777 1175 sociosque
792 1136 955 1182 recept-os.

85 1177 184 1210 Unus
200 1177 306 1220 abest,
323 1177 461 1210 medio
452 1188 490 1210 m
505 1177 615 1210 fluctu
631 1188 734 1220 quem
750 1176 926 1209 vidimus
917 1177 985 1220 ipsi

85 1222 329 1264 Submersum5
354 1223 456 1255 dictis
472 1222 680 1266 respondent
698 1227 810 1255 cetera
825 1222 964 1256 matris?

85 1267 155 1301 Vix
172 1280 213 1301 ea
228 1268 323 1301 fatus
340 1272 422 1310 erat,
441 1279 549 1311 quum
566 1268 774 1301 circumfusa
790 1272 932 1312 repente

85 1313 220 1347 Scindit
237 1325 271 1346 se
287 1313 406 1356 nubes,
424 1318 458 1347 et
474 1314 512 1346 in
529 1313 658 1346 aethera
675 1317 802 1357 purgat
819 1317 988 1357 apertum.

86 1359 230 1392 Restitit
243 1359 379 1401 AEneaS,
397 1359 558 1402 claraque
574 1359 611 1391 in
628 1359 706 1391 luce
721 1358 868 1401 refulsit,

86 1404 130 1438 Os
147 1405 374 1448 humerosque
391 1405 453 1438 deo
471 1405 591 1437 similis
605 1416 612 1437 :
637 1415 787 1448 namque
803 1404 879 1448 ipsa
895 1404 1053 1438 decoram

86 1450 266 1483 Caesariem
283 1455 365 1483 nato
382 1450 552 1494 genetriX,
570 1448 757 1494 lumenque
768 1451 926 1493 juventae

85 1495 314 1539 Purpureum,
331 1500 366 1529 et
382 1496 481 1529 laetos
498 1496 605 1529 oculis
622 1495 755 1529 afflarat
772 1495 916 1528 honores
930 1508 937 1530 :

86 1541 195 1582 Quale
211 1553 334 1574 manus
351 1542 487 1574 addunt
504 1541 596 1575 ebori
613 1542 727 1584 decus,
744 1545 806 1574 aut
822 1541 883 1574 ubi
898 1542 988 1576 flavo

85 1587 280 1630 Argentum
297 1586 462 1620 Pariusve
478 1587 566 1631 lapis
583 1587 818 1621 circumdatur
834 1599 926 1621 auro.

85 1632 174 1665 Tum
190 1633 238 1666 sic
253 1632 410 1676 reginam
427 1633 624 1676 alloquitur,
641 1633 842 1677 cunctisque
858 1639 999 1677 repente

87 1678 298 1722 Improvisus
315 1679 385 1711 ait:
412 1677 430 1695 “
445 1678 575 1720 Coram,
593 1690 696 1723 quem
712 1679 875 1723 quaeritis,
893 1680 1015 1714 adsum

86 1723 210 1757 Troius
225 1723 361 1767 AEneas,
379 1724 516 1768 Libycis
533 1729 670 1769 ereptus
686 1725 730 1760 ab
746 1725 859 1760 undis.

1128 66 1194 96 105

1130 542 1197 575 570

1131 999 1197 1030 580

1127 1453 1194 1484 590
