1345 1927
107 81 126 111 6
220 98 223 100 -
418 77 456 111 Ρ.
475 76 679 110 VIRGILH
706 75 920 110 MARONIS

107 146 153 179 Et
170 156 272 179 sucus
288 144 404 189 pecori
421 148 457 178 et
472 144 527 178 lac
545 144 751 178 sul->ducitur
767 145 875 188 agnis.

138 192 234 225 Dm.
260 191 403 224 Parcius
419 191 488 224 ista
503 191 586 224 viris
603 194 718 224 tamen
737 190 930 234 objicienda
947 194 1130 224 memento.

107 237 276 270 Novimus
293 241 328 270 et
345 237 405 281 qui
422 241 466 280 te,
484 240 680 270 transversa
695 236 876 270 tuentibus
892 236 1007 280 hircis,

107 283 154 316 Et
171 294 248 327 quo,
266 283 325 316 sed
335 283 461 316 *faciles
478 282 652 327 Nymphae
667 282 782 326 risere,
800 282 933 316 sacello.

140 329 237 363 ΜΕΝ.
263 329 362 372 Τ11111,
376 328 485 371 credo,
500 340 609 373 quum
624 340 680 362 me
697 328 879 363 arbustum
889 328 1006 363 videre
1017 328 1163 362 Miconis
1189 330 1230 361 10

110 375 225 419 Atque
241 375 335 409 mala
351 375 439 409 vites
456 375 608 408 incidere
623 374 713 408 falce
729 374 892 408 novellas.

140 421 237 455 ΒΑΜ.
263 420 337 454 Aut
352 420 409 454 hic
426 420 471 454 ad
488 424 620 454 veteres
635 421 732 465 fagos
746 432 856 465 quum
872 420 1068 465 Daphnidis
1085 431 1205 454 arcum

110 467 259 511 Fregisti
276 471 312 500 et
329 466 478 500 calamos
492 479 500 508 ;
525 477 603 510 quae
620 470 673 509 tu,
689 478 848 511 perverse
865 466 1035 509 Menalca,

110 513 166 556 Et,
184 524 294 557 quum
309 513 430 546 vidisti
446 524 553 557 puero
571 513 709 546 donata.
727 512 875 556 dolebas,

112 559 168 602 Et,
187 559 215 592 si
231 570 302 592 11011
319 559 437 602 aliqua
452 558 636 602 nocuisses,
652 563 810 592 mortuus
827 569 924 592 esses.

141 605 240 639 ΜΕΝ.
266 604 358 646 Quid
376 604 507 638 domini
524 604 666 647 faciant,
682 604 815 646 audent
832 615 942 648 quum
959 604 1045 638 talia
1061 604 1155 638 fures
1170 606 1177 639 !

111 651 190 685 Non
208 662 270 695 ego
287 654 323 684 te
340 650 413 684 vidi
429 651 606 693 Damonis,
623 650 779 695 pessime,
797 661 943 694 caprum

112 697 282 740 Excipere
298 696 443 740 insidiis,
460 696 614 730 multum
631 696 784 730 latrante
801 695 970 740 Lycisca?

112 739 159 773 Et
176 752 286 785 quum
303 741 488 775 clamarem
503 754 509 776 :
536 742 555 759 “
566 742 644 781 Quo
661 753 755 775 nunc
772 753 806 775 se
822 741 970 785 proripit
986 740 1070 775 ille2

112 785 242 829 Tityre,
259 798 342 831 coge
359 787 496 831 pecus,”
513 792 554 821 tu
572 793 649 832 post
666 792 801 821 carecta
816 786 956 820 latebas.
1185 790 1229 822 20

144 830 240 864 Dm.
266 831 323 864 An
339 831 428 864 1111111
444 833 617 866 cantando
634 833 757 876 victus,
774 843 844 866 non
860 833 1020 868 redderet
1036 833 1104 876 ille,

115 875 226 917 Quem
241 888 319 910 mea
336 877 546 910 carminibus
562 879 746 912 meruisset
761 878 889 922 fistula,
907 879 1077 924 caprum?

114 921 152 956 Si
168 922 289 965 nescis,
305 934 404 956 meus
421 923 481 956 ille
498 935 600 968 caper
615 924 687 958 fuit
701 937 709 965 ;
734 929 770 958 et
785 925 873 958 mihi
890 925 1028 959 Damon

115 967 194 1013 Ipse
210 963 398 1013 fatebatur,
418 969 475 1002 sed
492 970 636 1003 reddere
652 982 750 1015 posse
766 970 925 1015 negabat.

145 1014 245 1049 ΜΕΝ.
270 1015 450 1049 Cantando
466 1019 508 1049 tu
524 1016 626 1049 illum
640 1016 652 1050 2
677 1021 740 1050 aut
756 1028 913 1061 unquam
929 1017 994 1051 tibi
1009 1017 1128 1051 fistula
1145 1027 1223 1050 cera

115 1060 141 1095 J
142 1064 250 1094 uncta
265 1061 362 1095 fuit?
387 1072 458 1095 11011
474 1065 515 1095 tu
531 1062 568 1095 in
586 1063 710 1106 triviis,
728 1063 875 1107 indocte,
894 1062 1024 1097 solebas

115 1106 286 1141 Stridenti
301 1107 468 1141 miserum
484 1108 616 1153 stipula
632 1109 828 1153 disperdere
845 1120 982 1143 carmen
996 1109 1009 1143 ’ἒ

145 1153 244 1187 ΒΑΜ.
269 1153 332 1187 Vis
348 1165 429 1198 ergo
446 1153 538 1188 inter
553 1166 625 1198 nos,
642 1156 727 1199 quid
745 1156 852 1200 possit
868 1159 1025 1200 uterque,
1042 1155 1193 1189 vicissim

116 1198 348 1244 Experiamur
362 1199 374 1233 2
399 1211 462 1243 ego
478 1200 569 1234 hanc
586 1201 736 1235 vitulam
755 1201 813 1246 (ne
829 1202 918 1235 forte
933 1213 1079 1245 recuses,

116 1245 178 1278 Bis
194 1245 292 1279 venit
308 1246 353 1279 ad
369 1246 565 1290 mulctram,
582 1246 680 1281 binos
697 1248 762 1281 alit
778 1247 884 1281 ubere
900 1247 1008 1291 fetus)
1196 1248 1241 1279 30

116 1291 260 1335 Depono
275 1304 283 1332 ;
307 1295 349 1325 tu
366 1292 431 1335 dic,
448 1303 586 1326 mecum
603 1305 670 1337 quo
687 1294 831 1338 pignore
848 1298 965 1327 certes.

148 1337 247 1371 ΜΕΝ.
273 1338 325 1371 De
341 1349 446 1382 grege
462 1350 533 1372 non
549 1340 662 1372 ausim
679 1340 870 1384 quidquam
887 1339 1057 1384 deponere
1073 1343 1188 1373 tecum
1203 1350 1212 1380 ;

117 1382 182 1417 Est
197 1384 285 1417 mihi
301 1396 452 1428 namque
469 1385 563 1418 domi
579 1389 689 1429 pater,
706 1389 759 1420 est
775 1386 906 1429 injusta
922 1397 1071 1420 noverca
1084 1398 1093 1427 ;

118 1429 246 1474 Bisque
263 1430 319 1463 die
336 1435 523 1464 numerant
539 1431 640 1465 ambo
657 1443 773 1477 pecus,
790 1431 880 1466 alter
895 1435 931 1465 et
947 1431 1073 1466 haedos.

119 1475 260 1519 Verum,
277 1476 314 1509 id
331 1476 423 1520 quod
438 1477 551 1511 multo
568 1482 645 1511 tute
662 1479 736 1523 ipse
751 1477 904 1512 fatebere
920 1479 1043 1522 majus,

120 1521 279 1555 Insam're
296 1522 382 1556 libet
399 1523 563 1567 quoniam
580 1523 654 1568 tibi,
671 1523 798 1569 pocula
814 1535 942 1568 ponam

120 1567 264 1611 Fagina,
283 1568 447 1602 caelatum
463 1570 576 1603 djviui
593 1582 678 1614 opus
695 1570 957 1613 Alcimedontis,

120 1614 232 1648 Lenta
248 1614 373 1659 quibus
391 1620 491 1650 torno
507 1616 605 1650 facih·
621 1616 846 1661 superaddita
863 1616 945 1650 vitis

121 1660 272 1695 Diffiisos
289 1662 418 1696 hedera
434 1663 540 1696 vestit
556 1662 710 1707 pallente
727 1661 914 1706 corymbos

122 1707 166 1740 In
181 1708 295 1741 medio
313 1708 381 1741 (luo
399 1710 508 1752 signa,
527 1709 653 1751 Conon,
671 1713 707 1742 et
723 1709 801 1752 quis
817 1709 888 1742 fuit
905 1708 1003 1751 alter,
1199 1709 1245 1740 40

122 1753 313 1799 Descripsit
329 1755 425 1789 radio
443 1759 558 1789 totum
575 1755 635 1799 qui
652 1754 814 1799 gentibus
831 1754 956 1796 orbem,
