1345 1927
55 66 95 97 12
361 64 398 98 P.
426 65 628 98 VIRGILII
656 65 873 99 MARONIS

52 127 207 160 Carduus
226 131 260 160 et
278 127 385 172 spinis
403 128 514 171 surgit
532 128 688 172 paliurus
705 128 827 162 acutis.

52 173 212 217 Spargite
229 173 378 206 humum
394 173 495 217 foliis,
513 174 669 207 inducite
686 174 840 207 fontibus
857 173 1006 218 umbras,
1132 176 1178 207 40

52 219 220 261 Pastores,
238 219 383 252 mandat
400 219 475 252 fieri
492 219 557 252 sibi
573 220 658 253 talia
675 219 834 264 Daphnis
848 233 857 261 ;

51 265 98 298 Et
115 265 294 298 tumulum
310 265 424 307 facite,
443 269 477 298 et
495 265 631 299 tumulo
648 266 869 310 superaddite
887 277 1047 300 carmen:

51 311 210 354 Daphnis
228 322 290 354 ego
307 311 344 344 in
362 311 468 354 silvis,
486 311 568 344 hinc
585 322 694 355 usque
711 311 756 344 ad
774 311 886 346 sidera
903 316 1017 356 notus,

52 356 79 390 F
83 357 206 390 ormosi
223 357 354 401 pecoris
372 362 496 400 custos,
512 358 692 391 formosior
707 357 788 402 ipse.

97 402 196 436 ΜΕΝ.
222 403 304 436 Tale
322 407 424 436 tuum
441 414 580 436 carmen
596 403 703 446 nobis,
721 403 838 437 divine
854 404 967 448 poeta,

52 448 162 489 Quale
180 460 279 493 sopor
295 449 392 482 fessis
409 449 447 482 in
464 449 628 492 gramine,
647 449 749 493 quale
766 460 827 493 per
845 454 969 483 aestum

50 494 173 528 Dulcis
190 506 288 538 aquae
307 495 452 528 saliente
469 495 564 528 sitim
579 495 795 538 restinguere
812 495 885 529 rivo
901 508 910 536 ;

50 540 84 573 N
87 552 124 574 ec
142 541 283 574 calamis
301 541 411 574 solum
428 541 630 585 aequiparas,
649 541 707 574 sed
725 552 806 574 voce
822 541 1039 585 magistrum.

51 586 244 620 Fortunate
261 598 356 631 puer,
374 591 416 620 tu
433 598 526 620 nunc
544 587 609 620 eris
626 586 715 620 alter
731 586 774 619 ab
791 587 861 621 1110.

51 632 122 666 Νο5
139 636 258 666 tamen
275 633 349 666 haec
366 644 585 677 quocumque
602 632 703 665 modo
721 632 786 665 tibi
802 636 920 666 nostra
936 632 1088 666 vicissim
1135 634 1180 666 50

50 678 226 722 Dicemus,
243 679 481 723 Daphninque
497 683 600 712 tuum
617 678 778 711 tollemus
795 678 839 712 ad
857 683 973 720 astra,
966 691 973 698 ·

53 724 221 768 Daphnin
239 725 283 758 ad
300 730 394 759 astra
410 725 581 758 feremus:
607 724 739 758 amavit
755 736 818 758 1105
835 736 972 769 quoque
988 723 1157 769 Daphnis,

84 771 261 804 Mo1>.An
278 771 471 815 quidquam
487 771 585 804 nobis
603 770 667 804 tali
684 770 729 803 sit
745 782 889 805 munere
905 772 1019 815 majus
1033 770 1046 805 ’ἓ

51 816 98 850 Et
116 829 202 861 puer
219 817 272 861 ips
258 829 292 850 se
308 818 379 850 fuit
396 817 530 850 cantari
548 814 683 860 dignus,
701 820 736 850 et
753 816 822 850 ista

51 863 77 896 J
79 874 135 896 am
152 863 287 908 pridem
304 863 473 897 Stimicon
489 863 618 896 landav
619 863 648 896 it
665 863 820 896 carmina
835 862 943 897 nobis.

98 909 197 943 ΜΕΝ.
224 909 399 943 Candidus
417 909 594 942 insuetum
611 909 760 942 miratur
776 908 883 942 limen
901 909 1042 954 Olympi

52 955 124 988 Sub
140 955 355 1000 pedibusque
372 955 468 989 videt
484 955 594 988 nubes
611 959 646 988 et
664 955 776 988 sidera
792 955 961 999 Daphnis.

51 1000 143 1045 Ergo
161 1001 284 1035 alacris
303 1001 406 1035 silvas
423 1005 458 1034 et
475 1006 590 1034 cetera
605 1012 688 1034 rura
704 1001 866 1045 voluptas

52 1047 218 1092 Panaque
235 1052 456 1092 pastoresque
474 1051 571 1080 tenet
587 1047 815 1091 Dryadasque
831 1047 987 1100 puellas:

51 1093 86 1127 N
87 1105 125 1127 00
141 1094 246 1138 lupus
262 1094 406 1127 insidias
422 1093 546 1137 pecori,
564 1105 627 1126 nec
644 1093 733 1126 retia
750 1093 859 1126 cervis
1137 1095 1182 1127 60

52 1139 134 1173 Ulla
151 1140 270 1173 dolum
285 1140 523 1179 meditantur;
548 1143 643 1173 amat
659 1139 769 1173 bonus
787 1139 858 1173 otia
874 1138 1043 1184 Daphnis.

53 1185 127 1230 Ipsi
143 1186 268 1220 laetitia
285 1197 385 1219 voces
401 1186 446 1219 ad
463 1166 576 1219 sidera
587 1187 727 1229 jactant

53 1231 190 1265 Intonsi
205 1236 340 1265 montes
354 1244 362 1273 ;
386 1231 470 1276 ipsae
483 1233 558 1276 jam
575 1232 729 1265 carmina
744 1243 857 1276 rupes,

52 1278 138 1322 Ipsa
156 1282 279 1311 sonant
297 1278 460 1311 arbusta:
485 1280 503 1295 ‘²
515 1278 608 1320 deus,
627 1278 711 1311 deus
729 1278 798 1321 ine,
816 1276 1006 1312 Menalca.”

53 1324 107 1358 Sis
123 1324 233 1357 bonus
251 1336 269 1357 o
286 1324 441 1368 felixque
458 1323 528 1357 tuis
543 1324 549 1356 !
577 1335 621 1357 en
638 1327 787 1367 quatuor
803 1334 879 1356 aras
894 1335 901 1358 :

53 1370 143 1404 Ecce
160 1370 246 1403 duas
263 1370 339 1413 tibi,
356 1370 508 1414 Daphni,
526 1369 613 1403 duas
630 1369 754 1403 altaria
771 1369 910 1404 Phoebo.

54 1416 185 1450 Pocula
201 1416 284 1450 bina
300 1428 388 1450 novo
407 1415 607 1460 spumantia
623 1415 714 1449 lacte
732 1416 926 1460 quotannis,

55 1463 280 1506 Crat-,erasque
298 1462 366 1496 duo
384 1466 537 1496 statua-ni
553 1462 620 1495 tibi
636 1462 777 1506 pinguis
795 1462 878 1495 olivi
892 1475 901 1503 ;

54 1508 102 1542 Et
119 1509 231 1542 multo
248 1509 285 1542 in
302 1508 422 1553 primis
439 1508 593 1542 hilarans
611 1508 770 1541 convivia
786 1508 933 1552 Baccho,

55 1555 148 1588 Ante
165 1555 291 1598 focum,
310 1555 338 1588 51
354 1555 466 1598 frigus
484 1555 558 1596 erit,
577 1555 605 1587 si
621 1554 749 1595 messis,
767 1554 805 1587 in
821 1554 954 1600 umbra,
1139 1555 1183 1590 70

56 1600 149 1634 Vina
165 1613 295 1634 novum
312 1601 459 1634 fundam
476 1600 623 1634 calathis
641 1600 779 1634 Ariusia
795 1605 924 1635 nectar,

56 1647 257 1680 Cantabunt
273 1647 361 1680 mihi
378 1647 556 1680 Damoetas
573 1651 608 1679 et
625 1647 768 1689 Lyctius
784 1647 900 1690 AEgon
914 1660 923 1688 ;

56 1692 232 1726 Saltantes
249 1693 388 1738 Satyros
405 1693 601 1727 imitabitur
617 1693 867 1737 Alphesiboeus.

57 1740 145 1774 Haec
162 1740 227 1774 tibi
245 1752 378 1786 semper
395 1744 507 1784 erunt,
525 1744 560 1774 et
578 1752 686 1785 quum
703 1744 868 1777 solemnia
884 1746 965 1778 vota
