1345 1927
111 58 179 91 386
577 55 743 90 CULEX.

109 119 273 154 Sensibus
291 120 446 153 infusum
464 120 591 154 Culicis
608 121 650 154 de
667 126 776 155 morte
794 121 954 155 dolorem.

109 165 439 209 Quantumcumque
456 165 520 199 sibi
538 167 627 200 vires
645 167 796 200 tribuere
813 167 946 206 seniles,

109 210 229 253 (Queis
247 215 364 244 tamen
382 212 549 245 infestum
566 224 726 256 pugnans
743 213 918 245 devicerat
935 211 1083 254 hostem)

110 256 238 289 Rivum
255 261 395 301 propter
411 268 520 301 aquae,
538 257 640 290 viridi
659 258 722 291 sub
738 258 860 291 fronde
877 257 1046 291 latentem

110 302 329 336 Conformare
346 302 460 336 locum
478 303 572 347 capit
590 304 753 348 impiger:
779 303 873 337 hunc
890 308 925 337 et
942 303 978 336 in
995 303 1111 337 orbem
1158 303 1226 336 390

110 346 283 390 Destinat,
300 359 341 382 ac
357 346 439 382 fe⁰rri
457 349 622 392 capulum
638 350 802 393 repetivit
820 349 856 382 in
874 361 985 390 usum,

111 393 332 427 Gramineam
348 401 388 426 ut
405 394 508 427 viridi
526 395 658 428 foderet
675 395 717 428 de
735 395 864 439 cespite
882 399 1018 428 terram.

110 438 136 472 J
138 450 194 472 am
210 450 340 472 memor
356 439 536 484 inceptum
554 451 721 484 peragens
739 441 802 473 sibi
820 452 904 474 cura.
920 440 1072 474 laborem

112 484 323 528 congestum
340 485 534 518 cumulavit
551 497 647 529 opuS,
664 490 770 529 atque
787 497 912 530 aggere
928 485 1039 519 multo

112 529 260 563 Telluris
277 530 435 564 tumulus
451 531 639 572 formatum
658 531 766 565 crevit
783 532 821 564 in
837 531 970 564 orbem:

114 575 225 616 Quem
241 576 371 609 circum
388 576 541 620 lapidem
558 577 638 610 laevi
656 577 698 610 de
714 588 884 610 marmore
900 577 1053 610 formans

113 620 268 654 Conserit
285 621 433 655 assiduae
451 633 542 655 curae
559 634 698 656 memor.
747 622 816 656 Hic
833 627 867 656 et
884 622 1065 666 acanthus,

113 666 160 700 Et
175 678 251 700 rosa
268 679 441 711 purpureo
459 668 580 701 crescit
597 668 791 702 rubicunda
808 668 927 711 colore,

113 711 160 746 Et
177 712 276 746 violae
293 724 403 757 genus
421 724 539 753 omne3
565 713 622 746 hic
640 718 691 747 est
708 718 743 747 et
760 713 919 758 Spartica
935 718 1072 758 myrtus

115 757 232 801 Atque
249 758 471 801 hyacinthus,
489 763 524 792 et
541 759 598 792 hic
616 759 715 792 Cilici
732 770 850 792 crocus
868 759 983 793 editus
999 771 1091 802 arvo,
1161 760 1230 793 400

116 803 250 837 Laurus
267 804 351 837 item
369 804 490 837 Phoebi
508 816 652 848 surgens
670 805 794 845 decus;
819 805 876 838 hic
893 805 1153 850 rhododaphne,

116 848 284 893 Lffiaque,
303 854 338 882 et
354 850 440 882 roris
457 861 526 883 non
543 851 621 883 avia
639 861 721 884 cura
738 851 874 893 marini,

118 894 304 938 Herbaque
321 894 434 928 thuris
452 907 532 939 opes
549 896 669 939 priscis
687 896 825 929 imitata
842 895 980 938 Sabina,

118 940 434 984 Chrysanthusque,
453 940 655 985 hederaeque
671 941 764 975 nitor
780 941 933 985 pallente
951 941 1111 988 corymbo

118 985 165 1019 Et
182 985 338 1019 Bocchus
357 985 472 1028 Libyae
489 987 581 1030 regis
597 998 748 1027 mernor3
773 987 830 1020 hic
848 992 1057 1031 amarantus,

119 1030 375 1075 Bumastusque
393 1033 517 1072 virens,
535 1038 570 1065 et
587 1043 720 1076 semper
737 1032 859 1065 florida
877 1032 990 1076 pinus.

118 1076 197 1109 Non
215 1077 312 1109 illinc
331 1077 511 1110 Narcissus
529 1077 635 1119 abest,
654 1077 711 1111 cui
728 1077 837 1121 gloria
853 1078 973 1111 formae

121 1122 208 1164 Igne
226 1121 417 1166 Cupidineo
435 1122 588 1166 proprios
606 1123 735 1156 exarsit
753 1123 789 1156 in
807 1128 912 1156 artus.

121 1166 167 1200 Et
185 1179 419 1212 quoscumque
436 1173 567 1201 novant
584 1169 767 1202 vernantia
784 1173 939 1213 tempora
956 1169 1064 1212 flores,

122 1212 187 1246 His
205 1213 363 1246 tumulus
381 1225 482 1258 super
499 1214 678 1247 inseritur:
706 1219 783 1247 tum
799 1214 913 1248 fronte
930 1214 1066 1248 locatur
1168 1216 1237 1248 410

121 1258 295 1301 Elogium,
313 1259 421 1292 tacita
438 1260 565 1292 format
582 1259 673 1303 quod
690 1259 793 1292 litera
810 1257 908 1293 voce':

121 1302 236 1337 Parve
256 1303 371 1347 Cadeoe,
383 1304 556 1349 pecudum
572 1310 679 1339 custos
691 1304 756 1339 tibi
771 1304 836 1339 tale
846 1305 996 1340 »ueremi

123 1347 277 1383 Funeris
293 1349 439 1394 officium
458 1350 536 1384 vitoe
548 1360 615 1395 pro
632 1360 771 1384 munere
788 1350 908 1385 reddit.
