1345 1927
118 35 164 67 84
426 35 462 70 P.
491 37 696 71 VIRGILII
722 37 937 72 MARONIS
1326 0 1345 98 h

164 105 285 138 “'Est
276 117 314 138 in
332 106 519 150 Carpathio
536 106 694 150 Neptuni
710 107 850 159 gurgite
868 112 974 148 vates,
1330 96 1345 138 i

119 150 294 185 Caeruleus
312 152 467 194 Proteus,
484 163 652 196 magnum
669 153 729 196 qui
747 152 898 196 piscibus
915 163 1025 198 aequ01

118 197 165 230 Et
177 199 302 241 juncto
318 197 485 242 bipedum
502 209 606 231 curru
622 198 768 231 metitur
784 209 959 243 equorum.

119 242 187 276 Hic
204 255 299 277 nunc
316 243 488 277 Emathiae
506 248 626 287 portus
644 244 861 288 patriamque
877 244 998 278 revisit
1166 245 1232 279 39c

118 288 307 323 Pallenen:
332 289 427 323 hunc
445 294 480 323 et
496 289 529 322 N
530 289 668 334 ymphae
686 301 900 332 veneramur,
918 294 954 324 et
970 290 1045 334 ipse

119 334 331 369 Grandaevus
348 335 505 376 Nereus,
529 336 628 369 novit
645 346 795 379 namque
812 336 928 370 omnia
945 340 1052 379 vates,

117 380 201 422 Quae
219 382 299 423 sint,
318 392 395 425 quae
413 381 555 423 fuerint,
573 392 649 426 quae
666 393 747 414 mox
766 386 914 415 ventura
930 381 1126 416 trahantur.

117 427 253 471 Quippe
270 427 322 461 ita
339 427 504 471 Neptuno
521 427 635 460 visum
653 433 726 468 est;
751 428 918 461 immania
935 428 1035 472 cujus

116 472 285 506 Armenta
302 478 337 507 et
354 478 473 517 turpes
491 473 603 517 pascit
620 473 684 506 sub
700 472 839 516 gurgite
856 473 993 517 phocas.

117 518 186 552 Hie
204 518 278 561 tibi,
296 523 387 561 nate,
406 518 502 562 prius
520 518 644 552 vinclis
661 519 861 562 capiendus,
879 524 920 552 ut
937 530 1074 553 omnem

115 563 290 617 Expediat
306 565 418 597 morbi
435 575 585 607 causam,
603 569 816 608 eventusque
834 565 1021 598 secundet:

114 609 206 643 Nam
224 610 297 643 sine
314 611 349 644 vi
365 621 435 644 non
452 610 526 643 ulla
543 610 640 643 dabit
657 615 839 654 praecepta,
857 622 970 654 neque
987 610 1088 644 illum

116 655 253 689 Orando
269 656 387 689 flectes
401 669 410 697 3
435 656 506 689 vim
523 656 647 689 duram
664 660 699 689 et
716 656 857 689 vincula
873 660 976 700 capto

114 701 231 735 Tende
245 714 254 743 ;
280 702 350 735 doli
367 702 499 735 circum
515 702 589 735 haec
606 702 746 735 demum
764 702 970 746 frangentur
985 703 1116 736 inanes.
1164 705 1233 736 400

115 747 197 791 Ipsa
214 759 276 792 ego
295 752 338 791 te,
356 748 487 781 medios
505 759 614 792 quum
631 748 679 781 sol
697 748 894 781 accenderit
911 752 1023 791 aestus,

115 793 233 834 Quum
250 794 375 827 sitiunt
392 793 515 836 herbae,
533 798 568 827 et
584 794 699 837 pecori
712 795 787 837 jam
803 794 935 837 gratior
953 794 1075 828 umbra
1092 799 1154 838 est,

115 839 157 871 In
175 843 306 873 secreta
323 840 412 873 senis
429 839 564 882 ducam,
583 851 650 883 quo
667 839 777 873 fessus
794 839 837 873 ab
855 840 958 873 undis

113 884 156 918 Se
173 885 308 929 recipit,
325 885 429 918 facile
446 890 486 918 ut
504 897 621 919 somno
639 885 842 928 aggrediare
854 887 1040 929 jacentem.

114 930 245 964 Verum
262 931 323 964 ubi
339 935 537 974 correptum
553 931 715 964 manibus
733 931 924 975 vinclisque
940 931 1083 974 tenebis,

114 976 202 1009 Tum
219 977 323 1010 variae
342 976 485 1010 eludent
502 977 630 1021 species
647 982 754 1021 atque
771 988 830 1010 ora
846 978 1007 1011 ferarum.

113 1021 192 1056 Fiet
209 1023 302 1056 enim
320 1022 435 1056 subito
452 1034 510 1056 sus
526 1023 695 1066 horridus,
713 1029 858 1066 atraque
875 1023 984 1066 tigris,

112 1067 389 1112 squamosusque
407 1068 519 1112 draco,
536 1073 571 1102 et
588 1069 687 1102 fulva
704 1069 835 1102 cervice
851 1069 961 1102 leaena
974 1081 983 1109 ;

111 1114 185 1148 Aut
201 1125 315 1148 acrem
333 1114 480 1148 flammae
498 1115 650 1148 sonitum
668 1114 774 1157 dabit,
793 1119 899 1158 atque
916 1114 968 1148 ita
984 1114 1107 1148 vinclis

111 1159 269 1203 Excidet,
287 1164 350 1194 aut
366 1160 404 1193 in
421 1172 528 1204 aquas
545 1164 667 1194 tenues
685 1160 839 1205 dilapsus
857 1160 975 1194 abibit.
1162 1162 1230 1194 410

111 1205 187 1249 Sed,
205 1210 337 1250 quanto
353 1206 413 1239 ille
430 1206 541 1250 magis
558 1206 684 1239 formas
702 1217 737 1239 se
755 1210 866 1239 vertet
882 1206 920 1238 in
937 1217 1064 1249 omnes,

110 1251 231 1295 Tanto,
249 1256 340 1295 nate,
357 1252 468 1295 magis
486 1252 656 1285 contende
673 1253 810 1285 tenacia
827 1252 963 1285 vincla·
955 1278 964 1294 ‚

109 1297 228 1331 Donec
245 1298 326 1331 talis
343 1298 417 1341 erit,
416 1279 572 1331 ”mutato
589 1309 737 1342 corpore,
755 1298 891 1342 qualem

111 1343 256 1387 Videris,
274 1344 412 1388 incepto
430 1348 562 1387 tegeret
580 1355 689 1387 quum
705 1344 839 1377 lumina
856 1355 982 1378 somno
987 1346 1007 1362 ''

156 1390 241 1423 Haec
258 1390 319 1433 ait,
337 1395 371 1423 et
389 1390 564 1434 liquidum
581 1389 758 1423 ambrosiae
777 1389 943 1423 diffundit
960 1390 1107 1434 odorem,

111 1435 185 1476 Quo
202 1440 317 1470 totum
334 1436 410 1469 nati
427 1447 550 1480 corpus
568 1435 756 1480 perduxit·
747 1462 756 1477 ‚
781 1440 819 1469 at
835 1435 890 1468 1111

108 1481 230 1515 Dulcis
247 1481 444 1525 compositis
462 1481 609 1525 spiravit
626 1481 780 1515 crinibus
797 1493 892 1524 aura,

107 1527 223 1572 Atque
241 1527 366 1561 habilis
383 1527 546 1561 membris
564 1527 660 1561 venit
679 1527 785 1571 vigor.
834 1527 897 1561 Est
914 1538 1035 1572 specus
1052 1527 1176 1572 ingens

106 1572 212 1606 Exesi
229 1573 336 1607 latere
353 1573 390 1606 in
407 1573 545 1615 montis,
565 1584 632 1616 quo
650 1573 801 1618 plurima
818 1577 922 1608 vento

107 1619 251 1663 Cogitur
267 1620 372 1663 inque
390 1619 484 1652 sinus
503 1619 630 1653 scindit
648 1631 720 1653 sese
735 1619 832 1653 unda
847 1619 1018 1663 reductos,
1157 1621 1226 1653 420

106 1664 291 1709 Deprensis
309 1665 392 1698 olim
409 1665 512 1698 statio
531 1665 707 1698 tutissima
723 1665 841 1699 nautis
855 1677 864 1706 3

107 1711 208 1745 intus
227 1723 261 1745 se
279 1711 368 1745 vasti
387 1712 532 1745 Proteus
551 1711 639 1756 tegit
657 1711 766 1756 objice
783 1711 868 1746 saxi.
