1345 1927
149 72 216 104 240
454 69 492 104 P.
511 69 716 104 VIRGILII
740 69 956 104 MARONIS

151 139 256 172 Hunc
273 138 393 183 procul
410 142 583 172 errantem
598 138 728 172 rabidae
745 140 905 172 venantis
923 139 995 172 Iuli

150 185 370 218 Commovere
387 195 497 227 canes,
515 184 622 218 fluvio
639 196 747 229 quum
764 185 852 218 forte
870 185 1020 219 secundo

150 230 337 274 Deflueret,
354 230 499 274 ripaque
517 234 620 263 aestus
638 230 811 264 viridante
828 230 969 264 levaret.

151 275 230 320 Ipse
247 277 362 318 etiam,
381 276 517 309 eximiae
534 275 647 309 laudis
665 287 849 309 succensus
866 287 991 320 amore,

149 322 319 355 Ascanius
336 333 441 355 curvo
458 321 587 354 direxit
605 321 739 365 spicula
755 332 882 355 cornu:
1331 306 1345 368 f

149 366 183 399 N
185 379 222 400 ec
239 367 371 400 dextrae
388 367 518 400 erranti
536 367 620 400 deus
637 367 750 400 afuit·
743 394 749 400 .
775 371 924 411 actaque
940 367 1053 401 multo

150 411 286 456 Perque
304 417 442 445 uterum
459 412 575 445 sonitu
592 423 721 456 perque
737 412 799 445 ilia
815 413 912 446 venit
929 413 1071 447 arundo.

150 457 297 491 Saucius
314 462 351 491 at
368 458 564 501 quadrupes
581 462 665 491 nota
680 458 774 491 intra
791 462 884 492 tecta
900 458 1041 502 refugit,
1200 459 1268 491 500

151 503 390 546 Successitque
407 514 548 546 gemens
565 502 719 546 stabulis,
739 507 933 547 questuque
950 507 1114 538 cruentus

151 549 267 592 Atque
285 548 486 600 imploranti
503 547 624 581 similis
640 552 774 581 tectum
791 559 891 582 omne
908 549 1072 593 replebat.

151 593 260 627 Silvia
276 594 390 637 prima
406 604 507 635 soror,
525 593 649 637 palmis
666 604 828 637 percussa
843 594 1000 638 lacertos,

151 639 335 672 Auxilium
352 643 453 672 vocat
470 620 507 672 et,
522 639 632 674 duros
642 638 837 672 conclamat
853 643 1014 683 agrestes.

153 684 232 728 Olli,
249 685 356 728 pestis
373 684 467 717 enim
484 684 601 717 tacitis
617 684 705 717 latet
721 696 842 728 aspera
859 685 966 728 silvis,

153 730 336 774 Improvisi
353 730 482 763 adsunt
496 742 502 763 :
528 730 586 762 hic
603 734 694 763 torre
710 735 866 764 armatus
883 730 1015 774 obusto,

154 775 291 820 Stipitis
308 775 365 808 hic
382 775 519 819 gravidi
535 775 634 809 nodis
648 787 655 809 ε
681 776 773 819 quod
790 776 915 820 cuique
931 780 1109 820 repertum

153 821 321 863 Rimanti,
339 821 449 854 telum
466 821 518 855 ira
534 821 628 854 facit.
679 821 790 854 Vocat
806 822 948 865 agmina
964 822 1149 866 Tyrrheus,

154 866 393 908 Quadrifidam
410 877 576 910 quercum
593 866 712 899 cuneis
728 871 770 900 ut
786 867 875 900 forte
892 869 1020 901 coactis

153 912 349 954 scindebat,
366 916 468 955 rapta
485 912 619 956 spirans
635 912 786 945 immane
804 913 924 946 securi.
1203 915 1270 946 510

153 958 201 991 At
217 969 308 990 saeva
324 969 343 991 e
360 957 508 1001 speculis
525 962 662 1001 tempus
680 957 745 991 dea
760 963 864 991 nacta
881 958 1029 992 nocendi
1329 932 1345 1018 Α

152 1003 273 1036 Ardua
290 1007 383 1036 tecta
399 1003 489 1046 petit
507 1003 644 1045 stabuli,
661 1007 697 1036 et
713 1003 756 1036 de
773 1003 925 1037 culmine
941 1015 1075 1038 summo

154 1048 330 1082 Pastorale
347 1048 442 1081 canit
459 1049 486 1081 si
538 1059 607 1091 um,
625 1059 800 1092 cornuque
816 1060 960 1083 recurvo

153 1094 353 1127 Tartaream
369 1094 469 1126 inten
497 1095 523 1127 't
540 1105 658 1127 vocem
672 1106 678 1127 :
705 1105 773 1137 qua
789 1099 954 1138 protenus
971 1105 1072 1128 omne

153 1139 371 1172 Contremuit
388 1150 520 1181 nemus,
538 1143 573 1172 et
589 1139 684 1172 silvae
701 1139 884 1173 intonuere
900 1140 1094 1184 profundae,

154 1185 278 1218 Audiit
295 1188 330 1217 et
347 1184 472 1217 Triviae
489 1185 591 1227 longe
608 1184 704 1217 lacus
720 1197 728 1225 ;
754 1185 867 1218 audiit
883 1186 995 1218 amnis

154 1230 316 1264 sulfurea
332 1230 406 1263 Nar
421 1229 521 1263 albus
537 1241 629 1273 aqua
645 1230 827 1274 fontesque
844 1230 961 1264 Velini
975 1243 984 1272 3
1322 1209 1345 1297 f

154 1276 201 1308 Et
217 1275 361 1319 trepidae
377 1279 505 1309 matres
522 1286 672 1319 pressere
689 1275 734 1308 ad
750 1280 891 1320 pectora
906 1280 1015 1311 natos.
1172 1280 1181 1286 ”

154 1321 244 1354 Tum
261 1332 340 1354 vero
357 1321 402 1354 ad
419 1332 538 1354 vocem
554 1321 689 1364 celeres,
707 1332 776 1365 qua
791 1320 940 1355 buccina
957 1322 1097 1366 signum

155 1366 240 1400 Dira
257 1366 364 1409 dedit,
381 1366 490 1410 raptis
509 1371 720 1400 concurrunt
736 1367 892 1410 undique
908 1367 988 1400 telis
1204 1369 1272 1402 520

156 1411 324 1445 Indomiti
340 1411 500 1455 agricolae
515 1425 523 1453 ;
548 1423 612 1445 nec
628 1423 698 1445 non
715 1416 751 1445 et
767 1412 870 1446 Troia
886 1412 994 1457 pubes

155 1457 304 1490 Ascanio
321 1457 495 1490 auxilium
513 1457 633 1490 castris
650 1457 800 1491 effundit
817 1458 955 1502 apertis.
1328 1446 1345 1500 s

156 1503 322 1536 Direxere
339 1503 437 1536 acies.
486 1503 565 1536 Non
577 1504 653 1546 jam
670 1503 858 1537 certamine
875 1503 1014 1547 agresti,

157 1547 342 1591 Stipitibus
360 1548 456 1581 duris
473 1548 591 1591 agitur
608 1548 792 1582 sudibusve
808 1549 989 1593 praeustis,
981 1562 988 1569 ·

157 1593 224 1626 Sed
242 1593 331 1626 ferro
348 1593 495 1637 ancipiti
512 1593 712 1636 decernunt,
730 1598 875 1638 atraque
891 1594 962 1628 late
1341 1582 1345 1649 ⁴

159 1638 350 1672 Horrescit
354 1639 482 1672 strictis
500 1649 595 1682 seges
612 1620 760 1681 ensibus,
778 1650 915 1683 aeraque
930 1639 1068 1684 fulgent

158 1683 235 1717 Sole
251 1684 420 1727 lacessita,
437 1688 472 1717 et
488 1683 601 1717 lucem
619 1684 682 1717 sub
699 1684 821 1718 nubila
830 1686 990 1729 jactant:

159 1728 304 1762 Fluctus
321 1729 375 1762 uti
392 1729 502 1772 primo
520 1730 624 1774 coepit
641 1741 749 1773 quum
766 1730 935 1764 albescere
952 1734 1065 1774 vento,
