<?xml version="1.0" encoding="UTF-8"?>
<!DOCTYPE html PUBLIC "-//W3C//DTD XHTML 1.0 Transitional//EN"
    "http://www.w3.org/TR/xhtml1/DTD/xhtml1-transitional.dtd">
<html xmlns="http://www.w3.org/1999/xhtml" xml:lang="en" lang="en">
 <head>
  <title>
</title>
<meta http-equiv="Content-Type" content="text/html;charset=utf-8" />
  <meta name='ocr-system' content='tesseract 3.04.00' />
  <meta name='ocr-capabilities' content='ocr_page ocr_carea ocr_par ocr_line ocrx_word'/>
</head>
<body>
  <div class='ocr_page' id='page_1' title='image "./operaomnia00virguoft/operaomnia00virguoft_0417.png"; bbox 0 0 1320 1932; ppageno 0'>
   <div class='ocr_carea' id='block_1_1' title="bbox 553 87 1239 123">
    <p class='ocr_par' dir='ltr' id='par_1_1' title="bbox 553 87 1239 123">
     <span class='ocr_line' id='line_1_1' title="bbox 553 87 1239 123; baseline -0.001 -1"><span class='ocrx_word' id='word_1_1' title='bbox 553 87 829 123; x_wconf 75' lang='lat' dir='ltr'>CATALEOTA.</span> <span class='ocrx_word' id='word_1_2' title='bbox 1170 88 1239 121; x_wconf 85' lang='lat'><strong>409</strong></span> 
     </span>
    </p>
   </div>
   <div class='ocr_carea' id='block_1_2' title="bbox 219 158 1243 1339">
    <p class='ocr_par' dir='ltr' id='par_1_2' title="bbox 219 158 1243 1339">
     <span class='ocr_line' id='line_1_2' title="bbox 226 158 886 204; baseline -0.005 -9"><span class='ocrx_word' id='word_1_3' title='bbox 226 160 273 195; x_wconf 79' lang='lat' dir='ltr'><strong>Et</strong></span> <span class='ocrx_word' id='word_1_4' title='bbox 289 159 396 194; x_wconf 88' lang='lat' dir='ltr'><strong>inscio</strong></span> <span class='ocrx_word' id='word_1_5' title='bbox 410 162 553 204; x_wconf 75' lang='lat' dir='ltr'><strong>repente</strong></span> <span class='ocrx_word' id='word_1_6' title='bbox 569 158 759 193; x_wconf 81' lang='lat' dir='ltr'><strong>clamatum</strong></span> <span class='ocrx_word' id='word_1_7' title='bbox 775 170 886 204; x_wconf 78' lang='lat' dir='ltr'><strong>super,</strong></span> 
     </span>
     <span class='ocr_line' id='line_1_3' title="bbox 272 204 660 248; baseline -0.005 -8"><span class='ocrx_word' id='word_1_8' title='bbox 272 205 458 248; x_wconf 78' lang='lat' dir='ltr'>Thalassio,</span> <span class='ocrx_word' id='word_1_9' title='bbox 475 204 660 239; x_wconf 78' lang='lat' dir='ltr'><strong>Thalassio.</strong></span> 
     </span>
     <span class='ocr_line' id='line_1_4' title="bbox 226 249 984 296; baseline 0.003 -12"><span class='ocrx_word' id='word_1_10' title='bbox 226 251 319 294; x_wconf 84' lang='lat' dir='ltr'><strong>Quid</strong></span> <span class='ocrx_word' id='word_1_11' title='bbox 334 250 502 296; x_wconf 78' lang='lat' dir='ltr'><strong>palluisti‚</strong></span> <span class='ocrx_word' id='word_1_12' title='bbox 517 249 671 285; x_wconf 67' lang='lat' dir='ltr'><strong>femina?</strong></span> <span class='ocrx_word' id='word_1_13' title='bbox 695 261 740 285; x_wconf 86' lang='lat' dir='ltr'><strong>an</strong></span> <span class='ocrx_word' id='word_1_14' title='bbox 751 251 824 295; x_wconf 88' lang='lat' dir='ltr'><strong>joci</strong></span> <span class='ocrx_word' id='word_1_15' title='bbox 840 251 957 286; x_wconf 80' lang='lat' dir='ltr'><strong>dolent</strong></span> <span class='ocrx_word' id='word_1_16' title='bbox 971 253 984 289; x_wconf 72' lang='grc'><strong><em>2</em></strong></span> 
     </span>
     <span class='ocr_line' id='line_1_5' title="bbox 271 296 729 340; baseline 0 -10"><span class='ocrx_word' id='word_1_17' title='bbox 271 298 328 330; x_wconf 89' lang='lat' dir='ltr'><strong>An</strong></span> <span class='ocrx_word' id='word_1_18' title='bbox 344 297 438 330; x_wconf 74' lang='lat' dir='ltr'><strong>facta</strong></span> <span class='ocrx_word' id='word_1_19' title='bbox 454 296 628 340; x_wconf 79' lang='lat' dir='ltr'>cognoscis</span> <span class='ocrx_word' id='word_1_20' title='bbox 643 296 729 330; x_wconf 73' lang='lat' dir='ltr'><strong>tua?</strong></span> 
     </span>
     <span class='ocr_line' id='line_1_6' title="bbox 223 341 939 386; baseline -0.003 -9"><span class='ocrx_word' id='word_1_21' title='bbox 223 342 304 378; x_wconf 84' lang='lat' dir='ltr'><strong>Non</strong></span> <span class='ocrx_word' id='word_1_22' title='bbox 319 353 375 376; x_wconf 90' lang='lat' dir='ltr'><strong>me</strong></span> <span class='ocrx_word' id='word_1_23' title='bbox 391 341 527 376; x_wconf 84' lang='lat' dir='ltr'><strong>vocabis</strong></span> <span class='ocrx_word' id='word_1_24' title='bbox 543 341 690 386; x_wconf 88' lang='lat' dir='ltr'><strong>pulchra</strong></span> <span class='ocrx_word' id='word_1_25' title='bbox 705 352 767 386; x_wconf 87' lang='lat' dir='ltr'><strong>per</strong></span> <span class='ocrx_word' id='word_1_26' title='bbox 783 341 939 386; x_wconf 73' lang='lat' dir='ltr'><strong>Cotyttia</strong></span> 
     </span>
     <span class='ocr_line' id='line_1_7' title="bbox 269 387 1242 423; baseline 0 -3"><span class='ocrx_word' id='word_1_27' title='bbox 269 387 326 421; x_wconf 87' lang='lat' dir='ltr'><strong>Ad</strong></span> <span class='ocrx_word' id='word_1_28' title='bbox 341 387 481 421; x_wconf 78' lang='lat' dir='ltr'><strong>feriatos</strong></span> <span class='ocrx_word' id='word_1_29' title='bbox 497 387 662 420; x_wconf 81' lang='lat' dir='ltr'><strong>fascinos:</strong></span> <span class='ocrx_word' id='word_1_30' title='bbox 1199 393 1242 423; x_wconf 68' lang='lat'><strong>20</strong></span> 
     </span>
     <span class='ocr_line' id='line_1_8' title="bbox 222 432 977 468; baseline -0.003 -1"><span class='ocrx_word' id='word_1_31' title='bbox 222 432 258 468; x_wconf 85' lang='lat' dir='ltr'>N</span> <span class='ocrx_word' id='word_1_32' title='bbox 259 445 296 467; x_wconf 87' lang='lat' dir='ltr'><strong>ec</strong></span> <span class='ocrx_word' id='word_1_33' title='bbox 313 433 394 466; x_wconf 89' lang='lat' dir='ltr'><strong>dein</strong></span> <span class='ocrx_word' id='word_1_34' title='bbox 410 444 545 466; x_wconf 77' lang='lat' dir='ltr'><strong>movere</strong></span> <span class='ocrx_word' id='word_1_35' title='bbox 561 432 695 465; x_wconf 89' lang='lat' dir='ltr'><strong>lumbos</strong></span> <span class='ocrx_word' id='word_1_36' title='bbox 711 432 750 465; x_wconf 91' lang='lat' dir='ltr'><strong>in</strong></span> <span class='ocrx_word' id='word_1_37' title='bbox 766 432 977 467; x_wconf 73' lang='lat' dir='ltr'><strong>crocotuiam</strong></span> 
     </span>
     <span class='ocr_line' id='line_1_9' title="bbox 269 477 747 518; baseline -0.002 -6"><span class='ocrx_word' id='word_1_38' title='bbox 269 478 406 512; x_wconf 88' lang='lat' dir='ltr'><strong>Prensis</strong></span> <span class='ocrx_word' id='word_1_39' title='bbox 422 478 544 511; x_wconf 82' lang='lat' dir='ltr'><strong>videbo</strong></span> <span class='ocrx_word' id='word_1_40' title='bbox 561 477 747 518; x_wconf 79' lang='lat' dir='ltr'><strong>altaribus3</strong></span> 
     </span>
     <span class='ocr_line' id='line_1_10' title="bbox 223 523 1077 567; baseline -0.001 -9"><span class='ocrx_word' id='word_1_41' title='bbox 223 523 372 559; x_wconf 83' lang='lat' dir='ltr'><strong>Flavum</strong></span> <span class='ocrx_word' id='word_1_42' title='bbox 388 535 494 567; x_wconf 85' lang='lat' dir='ltr'>prope</span> <span class='ocrx_word' id='word_1_43' title='bbox 510 523 680 567; x_wconf 78' lang='lat' dir='ltr'><strong>Thybrim</strong></span> <span class='ocrx_word' id='word_1_44' title='bbox 696 527 731 557; x_wconf 78' lang='lat' dir='ltr'><strong>et</strong></span> <span class='ocrx_word' id='word_1_45' title='bbox 748 523 879 557; x_wconf 78' lang='lat' dir='ltr'><strong>olentes</strong></span> <span class='ocrx_word' id='word_1_46' title='bbox 896 523 1077 557; x_wconf 76' lang='lat' dir='ltr'><strong>nauticum</strong></span> 
     </span>
     <span class='ocr_line' id='line_1_11' title="bbox 269 569 766 613; baseline -0.002 -10"><span class='ocrx_word' id='word_1_47' title='bbox 269 570 410 612; x_wconf 82' lang='lat' dir='ltr'>Vocare,</span> <span class='ocrx_word' id='word_1_48' title='bbox 426 569 488 602; x_wconf 91' lang='lat' dir='ltr'><strong>ubi</strong></span> <span class='ocrx_word' id='word_1_49' title='bbox 504 569 658 613; x_wconf 78' lang='lat' dir='ltr'><strong>appulsae</strong></span> <span class='ocrx_word' id='word_1_50' title='bbox 674 573 766 602; x_wconf 78' lang='lat' dir='ltr'><strong>rates</strong></span> 
     </span>
     <span class='ocr_line' id='line_1_12' title="bbox 222 614 931 658; baseline -0.001 -9"><span class='ocrx_word' id='word_1_51' title='bbox 222 615 327 650; x_wconf 75' lang='lat' dir='ltr'><strong>Stant</strong></span> <span class='ocrx_word' id='word_1_52' title='bbox 344 615 380 648; x_wconf 92' lang='lat' dir='ltr'><strong>in</strong></span> <span class='ocrx_word' id='word_1_53' title='bbox 398 615 495 648; x_wconf 87' lang='lat' dir='ltr'><strong>vadis</strong></span> <span class='ocrx_word' id='word_1_54' title='bbox 512 626 608 648; x_wconf 86' lang='lat' dir='ltr'><strong>eoeno</strong></span> <span class='ocrx_word' id='word_1_55' title='bbox 623 619 768 648; x_wconf 79' lang='lat' dir='ltr'><strong>retentae</strong></span> <span class='ocrx_word' id='word_1_56' title='bbox 786 614 931 658; x_wconf 87' lang='lat' dir='ltr'><strong>sordido,</strong></span> 
     </span>
     <span class='ocr_line' id='line_1_13' title="bbox 225 660 763 704; baseline 0 -10"><span class='ocrx_word' id='word_1_57' title='bbox 225 661 229 666; x_wconf 87' lang='lat'>&#39;</span> <span class='ocrx_word' id='word_1_58' title='bbox 268 661 457 704; x_wconf 85' lang='lat' dir='ltr'><strong>Macraque</strong></span> <span class='ocrx_word' id='word_1_59' title='bbox 473 660 646 693; x_wconf 75' lang='lat' dir='ltr'><strong>luctantes</strong></span> <span class='ocrx_word' id='word_1_60' title='bbox 663 671 763 703; x_wconf 83' lang='lat' dir='ltr'><strong>aqua.</strong></span> 
     </span>
     <span class='ocr_line' id='line_1_14' title="bbox 221 705 980 750; baseline 0.001 -11"><span class='ocrx_word' id='word_1_61' title='bbox 221 706 344 749; x_wconf 88' lang='lat' dir='ltr'><strong>Neque</strong></span> <span class='ocrx_word' id='word_1_62' title='bbox 360 706 398 739; x_wconf 91' lang='lat' dir='ltr'><strong>in</strong></span> <span class='ocrx_word' id='word_1_63' title='bbox 414 705 578 749; x_wconf 81' lang='lat' dir='ltr'><strong>culinam,</strong></span> <span class='ocrx_word' id='word_1_64' title='bbox 594 709 630 739; x_wconf 75' lang='lat' dir='ltr'><strong>et</strong></span> <span class='ocrx_word' id='word_1_65' title='bbox 646 710 754 739; x_wconf 79' lang='lat' dir='ltr'><strong>uncta</strong></span> <span class='ocrx_word' id='word_1_66' title='bbox 770 706 980 750; x_wconf 76' lang='lat' dir='ltr'><strong>compitalia,</strong></span> 
     </span>
     <span class='ocr_line' id='line_1_15' title="bbox 267 751 760 795; baseline 0 -10"><span class='ocrx_word' id='word_1_67' title='bbox 267 752 451 795; x_wconf 91' lang='lat' dir='ltr'><strong>Dapesque</strong></span> <span class='ocrx_word' id='word_1_68' title='bbox 468 751 572 784; x_wconf 87' lang='lat' dir='ltr'><strong>duces</strong></span> <span class='ocrx_word' id='word_1_69' title='bbox 589 751 760 785; x_wconf 79' lang='lat' dir='ltr'><strong>sordidas:</strong></span> 
     </span>
     <span class='ocr_line' id='line_1_16' title="bbox 223 796 878 841; baseline -0.002 -11"><span class='ocrx_word' id='word_1_70' title='bbox 223 797 356 839; x_wconf 85' lang='lat' dir='ltr'><strong>Quibus</strong></span> <span class='ocrx_word' id='word_1_71' title='bbox 371 797 525 840; x_wconf 76' lang='lat' dir='ltr'><strong>repletus</strong></span> <span class='ocrx_word' id='word_1_72' title='bbox 542 800 582 830; x_wconf 76' lang='lat' dir='ltr'><strong>ut</strong></span> <span class='ocrx_word' id='word_1_73' title='bbox 600 796 753 830; x_wconf 82' lang='lat' dir='ltr'><strong>salivosis</strong></span> <span class='ocrx_word' id='word_1_74' title='bbox 770 797 878 841; x_wconf 86' lang='lat' dir='ltr'><strong>aquis,</strong></span> 
     </span>
     <span class='ocr_line' id='line_1_17' title="bbox 269 842 1243 883; baseline 0 -8"><span class='ocrx_word' id='word_1_75' title='bbox 269 842 414 876; x_wconf 86' lang='lat' dir='ltr'><strong>Obesam</strong></span> <span class='ocrx_word' id='word_1_76' title='bbox 431 842 476 875; x_wconf 85' lang='lat' dir='ltr'><strong>ad</strong></span> <span class='ocrx_word' id='word_1_77' title='bbox 491 853 635 875; x_wconf 81' lang='lat' dir='ltr'><strong>uxorem</strong></span> <span class='ocrx_word' id='word_1_78' title='bbox 651 842 751 883; x_wconf 86' lang='lat' dir='ltr'><strong>redis,</strong></span> <span class='ocrx_word' id='word_1_79' title='bbox 1199 844 1243 876; x_wconf 88' lang='lat'><strong>30</strong></span> 
     </span>
     <span class='ocr_line' id='line_1_18' title="bbox 220 887 889 933; baseline -0.003 -11"><span class='ocrx_word' id='word_1_80' title='bbox 220 887 268 922; x_wconf 80' lang='lat' dir='ltr'><strong>Et</strong></span> <span class='ocrx_word' id='word_1_81' title='bbox 285 891 470 921; x_wconf 74' lang='lat' dir='ltr'><strong>aestuantes</strong></span> <span class='ocrx_word' id='word_1_82' title='bbox 487 887 587 920; x_wconf 77' lang='lat' dir='ltr'><strong>docte</strong></span> <span class='ocrx_word' id='word_1_83' title='bbox 603 887 705 921; x_wconf 82' lang='lat' dir='ltr'><strong>solvis</strong></span> <span class='ocrx_word' id='word_1_84' title='bbox 722 887 889 933; x_wconf 76' lang='lat' dir='ltr'><strong>pantices,</strong></span> 
     </span>
     <span class='ocr_line' id='line_1_19' title="bbox 267 932 706 977; baseline -0.002 -10"><span class='ocrx_word' id='word_1_85' title='bbox 267 933 312 967; x_wconf 88' lang='lat' dir='ltr'><strong>Os</strong></span> <span class='ocrx_word' id='word_1_86' title='bbox 328 944 438 977; x_wconf 85' lang='lat' dir='ltr'><strong>usque</strong></span> <span class='ocrx_word' id='word_1_87' title='bbox 454 932 577 967; x_wconf 87' lang='lat' dir='ltr'><strong>lambis</strong></span> <span class='ocrx_word' id='word_1_88' title='bbox 594 932 706 966; x_wconf 81' lang='lat' dir='ltr'><strong>saviis.</strong></span> 
     </span>
     <span class='ocr_line' id='line_1_20' title="bbox 219 977 1085 1022; baseline -0.002 -8"><span class='ocrx_word' id='word_1_89' title='bbox 219 978 323 1014; x_wconf 83' lang='lat' dir='ltr'><strong>Nunc</strong></span> <span class='ocrx_word' id='word_1_90' title='bbox 339 978 435 1020; x_wconf 87' lang='lat' dir='ltr'><strong>laede,</strong></span> <span class='ocrx_word' id='word_1_91' title='bbox 452 989 547 1012; x_wconf 87' lang='lat' dir='ltr'><strong>nunc</strong></span> <span class='ocrx_word' id='word_1_92' title='bbox 563 978 700 1021; x_wconf 81' lang='lat' dir='ltr'><strong>lacesse,</strong></span> <span class='ocrx_word' id='word_1_93' title='bbox 718 978 746 1011; x_wconf 89' lang='lat' dir='ltr'><strong>si</strong></span> <span class='ocrx_word' id='word_1_94' title='bbox 764 978 954 1022; x_wconf 84' lang='lat' dir='ltr'><strong>quidquam</strong></span> <span class='ocrx_word' id='word_1_95' title='bbox 969 977 1063 1012; x_wconf 78' lang='lat' dir='ltr'><strong>vales</strong></span> <span class='ocrx_word' id='word_1_96' title='bbox 1077 980 1085 1014; x_wconf 69' lang='grc' dir='ltr'>ἔ</span> 
     </span>
     <span class='ocr_line' id='line_1_21' title="bbox 265 1023 730 1058; baseline 0.002 -1"><span class='ocrx_word' id='word_1_97' title='bbox 265 1024 313 1057; x_wconf 75' lang='lat' dir='ltr'><strong>Et</strong></span> <span class='ocrx_word' id='word_1_98' title='bbox 328 1035 453 1056; x_wconf 86' lang='lat' dir='ltr'><strong>nornen</strong></span> <span class='ocrx_word' id='word_1_99' title='bbox 470 1023 601 1056; x_wconf 83' lang='lat' dir='ltr'><strong>ascribo</strong></span> <span class='ocrx_word' id='word_1_100' title='bbox 618 1027 730 1058; x_wconf 77' lang='lat' dir='ltr'><strong>tuum.</strong></span> 
     </span>
     <span class='ocr_line' id='line_1_22' title="bbox 220 1068 937 1114; baseline 0 -11"><span class='ocrx_word' id='word_1_101' title='bbox 220 1068 356 1104; x_wconf 84' lang='lat' dir='ltr'><strong>Cinaede</strong></span> <span class='ocrx_word' id='word_1_102' title='bbox 375 1068 471 1112; x_wconf 87' lang='lat' dir='ltr'><strong>Luci,</strong></span> <span class='ocrx_word' id='word_1_103' title='bbox 488 1079 533 1101; x_wconf 90' lang='lat' dir='ltr'><strong>an</strong></span> <span class='ocrx_word' id='word_1_104' title='bbox 550 1072 585 1101; x_wconf 80' lang='lat' dir='ltr'><strong>te</strong></span> <span class='ocrx_word' id='word_1_105' title='bbox 601 1068 817 1112; x_wconf 78' lang='lat' dir='ltr'><strong>reliquerunt</strong></span> <span class='ocrx_word' id='word_1_106' title='bbox 834 1069 937 1114; x_wconf 74' lang='lat' dir='ltr'><strong>opes?</strong></span> 
     </span>
     <span class='ocr_line' id='line_1_23' title="bbox 265 1114 780 1158; baseline 0.002 -11"><span class='ocrx_word' id='word_1_107' title='bbox 265 1114 438 1158; x_wconf 77' lang='lat' dir='ltr'><strong>Fameque</strong></span> <span class='ocrx_word' id='word_1_108' title='bbox 454 1114 599 1157; x_wconf 85' lang='lat' dir='ltr'><strong>genuini</strong></span> <span class='ocrx_word' id='word_1_109' title='bbox 615 1114 780 1158; x_wconf 71' lang='lat' dir='ltr'><strong>crepant?</strong></span> 
     </span>
     <span class='ocr_line' id='line_1_24' title="bbox 220 1159 959 1203; baseline 0.003 -11"><span class='ocrx_word' id='word_1_110' title='bbox 220 1159 352 1193; x_wconf 82' lang='lat' dir='ltr'><strong>videbo</strong></span> <span class='ocrx_word' id='word_1_111' title='bbox 368 1159 554 1192; x_wconf 80' lang='lat' dir='ltr'><strong>habentem</strong></span> <span class='ocrx_word' id='word_1_112' title='bbox 570 1163 695 1203; x_wconf 80' lang='lat' dir='ltr'><strong>praeter</strong></span> <span class='ocrx_word' id='word_1_113' title='bbox 711 1160 854 1203; x_wconf 79' lang='lat' dir='ltr'><strong>ignavos</strong></span> <span class='ocrx_word' id='word_1_114' title='bbox 870 1160 959 1194; x_wconf 84' lang='lat' dir='ltr'><strong>nihil</strong></span> 
     </span>
     <span class='ocr_line' id='line_1_25' title="bbox 265 1205 752 1248; baseline -0.002 -10"><span class='ocrx_word' id='word_1_115' title='bbox 265 1205 403 1238; x_wconf 82' lang='lat' dir='ltr'><strong>Fratres</strong></span> <span class='ocrx_word' id='word_1_116' title='bbox 420 1209 455 1238; x_wconf 81' lang='lat' dir='ltr'><strong>et</strong></span> <span class='ocrx_word' id='word_1_117' title='bbox 471 1205 600 1238; x_wconf 80' lang='lat' dir='ltr'><strong>iratum</strong></span> <span class='ocrx_word' id='word_1_118' title='bbox 617 1205 643 1238; x_wconf 86' lang='lat' dir='ltr'><strong>J</strong></span> <span class='ocrx_word' id='word_1_119' title='bbox 644 1216 752 1248; x_wconf 87' lang='lat' dir='ltr'><strong>ovem,</strong></span> 
     </span>
     <span class='ocr_line' id='line_1_26' title="bbox 219 1250 973 1295; baseline 0.003 -12"><span class='ocrx_word' id='word_1_120' title='bbox 219 1250 437 1294; x_wconf 83' lang='lat' dir='ltr'><strong>Scissumque</strong></span> <span class='ocrx_word' id='word_1_121' title='bbox 454 1254 620 1292; x_wconf 78' lang='lat' dir='ltr'><strong>ventrem,</strong></span> <span class='ocrx_word' id='word_1_122' title='bbox 637 1254 672 1283; x_wconf 82' lang='lat' dir='ltr'><strong>et</strong></span> <span class='ocrx_word' id='word_1_123' title='bbox 688 1250 839 1284; x_wconf 86' lang='lat' dir='ltr'><strong>herniosi</strong></span> <span class='ocrx_word' id='word_1_124' title='bbox 854 1250 973 1295; x_wconf 74' lang='lat' dir='ltr'><strong>patrui</strong></span> 
     </span>
     <span class='ocr_line' id='line_1_27' title="bbox 265 1295 1239 1339; baseline 0.001 -10"><span class='ocrx_word' id='word_1_125' title='bbox 265 1295 373 1329; x_wconf 85' lang='lat' dir='ltr'><strong>Pedes</strong></span> <span class='ocrx_word' id='word_1_126' title='bbox 389 1296 506 1328; x_wconf 89' lang='lat' dir='ltr'><strong>inedia</strong></span> <span class='ocrx_word' id='word_1_127' title='bbox 522 1295 688 1339; x_wconf 77' lang='lat' dir='ltr'><strong>turgidos,</strong></span> <span class='ocrx_word' id='word_1_128' title='bbox 1193 1298 1239 1330; x_wconf 86' lang='lat'><strong>40</strong></span> 
     </span>
    </p>
   </div>
   <div class='ocr_carea' id='block_1_3' title="bbox 466 1414 882 1450">
    <p class='ocr_par' dir='ltr' id='par_1_3' title="bbox 466 1414 882 1450">
     <span class='ocr_line' id='line_1_28' title="bbox 466 1414 882 1450; baseline 0.002 -1"><span class='ocrx_word' id='word_1_129' title='bbox 466 1414 526 1449; x_wconf 85' lang='lat' dir='ltr'><strong>VI.</strong></span> <span class='ocrx_word' id='word_1_130' title='bbox 551 1414 615 1448; x_wconf 91' lang='lat' dir='ltr'><strong>AD</strong></span> <span class='ocrx_word' id='word_1_131' title='bbox 641 1414 882 1450; x_wconf 81' lang='lat' dir='ltr'><strong>VENEREM.</strong></span> 
     </span>
    </p>
   </div>
   <div class='ocr_carea' id='block_1_4' title="bbox 163 1506 1125 1780">
    <p class='ocr_par' dir='ltr' id='par_1_4' title="bbox 163 1506 1125 1780">
     <span class='ocr_line' id='line_1_29' title="bbox 164 1506 989 1554; baseline 0.004 -14"><span class='ocrx_word' id='word_1_132' title='bbox 164 1506 201 1541; x_wconf 78' lang='lat' dir='ltr'><strong>Si</strong></span> <span class='ocrx_word' id='word_1_133' title='bbox 217 1507 305 1540; x_wconf 88' lang='lat' dir='ltr'><strong>mihi</strong></span> <span class='ocrx_word' id='word_1_134' title='bbox 321 1512 519 1552; x_wconf 82' lang='lat' dir='ltr'><strong>susceptum</strong></span> <span class='ocrx_word' id='word_1_135' title='bbox 535 1508 642 1542; x_wconf 77' lang='lat' dir='ltr'><strong>fuerit</strong></span> <span class='ocrx_word' id='word_1_136' title='bbox 657 1508 836 1543; x_wconf 83' lang='lat' dir='ltr'><strong>decurrere</strong></span> <span class='ocrx_word' id='word_1_137' title='bbox 851 1520 989 1554; x_wconf 82' lang='lat' dir='ltr'><strong>munus,</strong></span> 
     </span>
     <span class='ocr_line' id='line_1_30' title="bbox 211 1552 908 1598; baseline 0.003 -12"><span class='ocrx_word' id='word_1_138' title='bbox 211 1552 239 1586; x_wconf 89' lang='lat' dir='ltr'>O</span> <span class='ocrx_word' id='word_1_139' title='bbox 256 1553 412 1597; x_wconf 90' lang='lat' dir='ltr'><strong>Paphon,</strong></span> <span class='ocrx_word' id='word_1_140' title='bbox 429 1564 448 1587; x_wconf 92' lang='lat' dir='ltr'><strong>o</strong></span> <span class='ocrx_word' id='word_1_141' title='bbox 465 1553 560 1587; x_wconf 84' lang='lat' dir='ltr'><strong>sedes</strong></span> <span class='ocrx_word' id='word_1_142' title='bbox 577 1565 653 1598; x_wconf 87' lang='lat' dir='ltr'><strong>quae</strong></span> <span class='ocrx_word' id='word_1_143' title='bbox 669 1554 752 1588; x_wconf 86' lang='lat' dir='ltr'><strong>colis</strong></span> <span class='ocrx_word' id='word_1_144' title='bbox 769 1554 908 1598; x_wconf 85' lang='lat' dir='ltr'><strong>Idalias,</strong></span> 
     </span>
     <span class='ocr_line' id='line_1_31' title="bbox 163 1597 943 1644; baseline 0.004 -13"><span class='ocrx_word' id='word_1_145' title='bbox 163 1597 287 1631; x_wconf 77' lang='lat' dir='ltr'><strong>Troius</strong></span> <span class='ocrx_word' id='word_1_146' title='bbox 304 1598 430 1632; x_wconf 86' lang='lat' dir='ltr'><strong>AEneas</strong></span> <span class='ocrx_word' id='word_1_147' title='bbox 447 1598 603 1633; x_wconf 82' lang='lat' dir='ltr'><strong>Romana</strong></span> <span class='ocrx_word' id='word_1_148' title='bbox 617 1611 680 1644; x_wconf 90' lang='lat' dir='ltr'><strong>per</strong></span> <span class='ocrx_word' id='word_1_149' title='bbox 694 1600 821 1644; x_wconf 87' lang='lat' dir='ltr'><strong>oppida</strong></span> <span class='ocrx_word' id='word_1_150' title='bbox 837 1600 943 1644; x_wconf 86' lang='lat' dir='ltr'><strong>digno</strong></span> 
     </span>
     <span class='ocr_line' id='line_1_32' title="bbox 208 1642 1037 1680; baseline 0.005 -4"><span class='ocrx_word' id='word_1_151' title='bbox 208 1642 235 1676; x_wconf 84' lang='lat' dir='ltr'><strong>J</strong></span> <span class='ocrx_word' id='word_1_152' title='bbox 236 1654 292 1676; x_wconf 88' lang='lat' dir='ltr'><strong>am</strong></span> <span class='ocrx_word' id='word_1_153' title='bbox 308 1644 451 1677; x_wconf 81' lang='lat' dir='ltr'><strong>tandem</strong></span> <span class='ocrx_word' id='word_1_154' title='bbox 466 1648 508 1678; x_wconf 77' lang='lat' dir='ltr'><strong>ut</strong></span> <span class='ocrx_word' id='word_1_155' title='bbox 523 1648 640 1678; x_wconf 80' lang='lat' dir='ltr'><strong>tecum</strong></span> <span class='ocrx_word' id='word_1_156' title='bbox 656 1646 809 1679; x_wconf 87' lang='lat' dir='ltr'><strong>carmine</strong></span> <span class='ocrx_word' id='word_1_157' title='bbox 825 1650 946 1680; x_wconf 79' lang='lat' dir='ltr'><strong>vectus</strong></span> <span class='ocrx_word' id='word_1_158' title='bbox 962 1648 1037 1680; x_wconf 71' lang='lat' dir='ltr'><strong>eat:</strong></span> 
     </span>
     <span class='ocr_line' id='line_1_33' title="bbox 163 1687 1125 1736; baseline 0.006 -15"><span class='ocrx_word' id='word_1_159' title='bbox 163 1687 242 1725; x_wconf 81' lang='lat' dir='ltr'><strong>Non</strong></span> <span class='ocrx_word' id='word_1_160' title='bbox 258 1700 321 1732; x_wconf 84' lang='lat' dir='ltr'><strong>ego</strong></span> <span class='ocrx_word' id='word_1_161' title='bbox 337 1689 440 1722; x_wconf 84' lang='lat' dir='ltr'><strong>thure</strong></span> <span class='ocrx_word' id='word_1_162' title='bbox 455 1690 565 1733; x_wconf 88' lang='lat' dir='ltr'><strong>modo,</strong></span> <span class='ocrx_word' id='word_1_163' title='bbox 582 1693 645 1724; x_wconf 78' lang='lat' dir='ltr'><strong>aut</strong></span> <span class='ocrx_word' id='word_1_164' title='bbox 660 1691 755 1734; x_wconf 82' lang='lat' dir='ltr'><strong>picta</strong></span> <span class='ocrx_word' id='word_1_165' title='bbox 770 1694 834 1725; x_wconf 79' lang='lat' dir='ltr'><strong>tua</strong></span> <span class='ocrx_word' id='word_1_166' title='bbox 848 1691 980 1736; x_wconf 80' lang='lat' dir='ltr'><strong>templa</strong></span> <span class='ocrx_word' id='word_1_167' title='bbox 995 1690 1125 1727; x_wconf 76' lang='lat' dir='ltr'><strong>tabella</strong></span> 
     </span>
     <span class='ocr_line' id='line_1_34' title="bbox 210 1733 945 1780; baseline 0.005 -11"><span class='ocrx_word' id='word_1_168' title='bbox 210 1733 356 1779; x_wconf 77' lang='lat' dir='ltr'><strong>OrnabO,</strong></span> <span class='ocrx_word' id='word_1_169' title='bbox 373 1738 408 1770; x_wconf 78' lang='lat' dir='ltr'><strong>et</strong></span> <span class='ocrx_word' id='word_1_170' title='bbox 423 1735 520 1780; x_wconf 85' lang='lat' dir='ltr'><strong>puris</strong></span> <span class='ocrx_word' id='word_1_171' title='bbox 537 1740 628 1773; x_wconf 79' lang='lat' dir='ltr'><strong>serta</strong></span> <span class='ocrx_word' id='word_1_172' title='bbox 642 1736 752 1771; x_wconf 85' lang='lat' dir='ltr'><strong>feram</strong></span> <span class='ocrx_word' id='word_1_173' title='bbox 767 1737 945 1773; x_wconf 80' lang='lat' dir='ltr'><strong>manibus:</strong></span> 
     </span>
    </p>
   </div>
  </div>
 </body>
</html>
