1330 1932
406 39 626 73 AENEIDOS
652 40 738 73 LIB.
766 40 812 73 ΙΙ.
1103 41 1168 73 127

101 105 121 122 “
133 103 300 149 [Jamque
316 105 400 138 adeo
418 115 518 149 super
540 115 630 137 unus
647 115 741 138 eram
756 116 764 145 ;
790 115 902 148 quum
918 105 1041 140 limina
1059 106 1172 140 Vestae

54 148 256 183 Servantem
272 153 307 182 et
323 149 467 183 tacitam
485 153 614 182 secreta
630 149 668 182 in
686 149 764 182 sede
781 149 950 183 latentem

53 194 251 237 Tyndarida
267 195 395 238 aspicio
411 207 419 236 ;
445 194 531 227 dant
548 194 641 227 clara
656 194 821 228 incendia
838 194 952 228 lucem

53 239 204 282 Erranti,
222 240 417 284 passimque
433 239 548 273 oeulos
566 251 626 283 per
643 243 770 273 cuncta
787 240 971 280 ferentis}
1103 242 1172 276 570

53 284 120 318 Illa
137 285 202 318 sibi
217 285 360 319 infestos
378 296 494 319 eversa
511 284 554 318 ob
570 285 740 328 Pergama
757 285 917 329 Teucros,

50 330 97 363 Et
114 342 232 374 poenas
248 331 411 364 Danaum
428 334 462 364 et
480 330 606 363 deserti
623 330 779 374 conjugis
796 331 864 364 iras

53 375 295 419 Praemetuens,
313 376 421 419 Trojae
439 380 475 410 et
491 376 614 420 patriae
633 376 824 409 communis
842 377 979 421 Erinys,

52 421 243 455 Abdiderat
261 433 341 465 sese,
359 427 465 466 atque
481 422 550 455 aris
566 422 679 455 invisa
696 422 846 456 sedebat.

51 466 219 500 Exarsere
235 468 332 511 ignes
349 468 464 501 animo
479 479 487 508 ;
513 467 607 501 subit
623 467 675 501 ira
693 468 876 501 cadentem

51 512 179 546 Ulcisci
196 513 355 556 patriam,
373 516 408 546 et
426 513 607 546 sceleratas
626 525 759 546 sumere
777 525 895 557 poenas
910 525 917 547 ε

51 557 191 591 Scilicet
207 559 281 591 haec
299 559 459 602 Spartam
476 559 658 592 incolumis
676 559 874 602 patriasque
891 559 1059 603 Mycenas

49 603 214 647 Aspiciet,
232 607 399 648 partoque
415 604 481 637 ibit
497 604 618 647 regina
635 604 813 647 trimnpho
828 605 840 638 2

51 648 337 693 Conjugiumque‚
355 649 574 693 domumque,
592 654 717 693 patres,
735 653 903 694 natosque
919 650 1061 694 videbit,

50 694 203 727 Iliadum
219 695 321 728 turba
338 699 373 728 et
392 695 554 738 Phrygiis
571 696 737 728 comitata
753 696 920 729 ministris
935 696 948 730 2
1101 699 1169 730 580

51 739 223 773 Occiderit
239 741 328 773 ferro
346 740 505 774 Priamus
519 740 531 774 2
579 741 682 784 Troja
699 741 820 774 arserit
837 741 912 784 igni
926 742 938 775 2

49 784 266 818 Dardanium
283 786 385 819 toties
402 786 536 819 sudarit
553 786 722 829 sanguine
739 786 822 819 litus
837 786 849 819 2

48 830 128 863 Non
144 831 203 864 ita.
251 831 420 874 Namque,
438 831 504 864 etsi
519 831 657 864 nullum
673 831 894 865 memorabile
911 843 1037 866 nomen

49 875 213 909 Feminea
228 876 266 909 in
282 888 385 920 poena
401 879 453 909 est
470 887 534 910 nec
550 876 656 910 habet
673 876 818 910 victoria
835 877 986 921 laudem,

47 921 266 955 Exstinxisse
282 921 379 955 nefas
396 925 514 955 tamen
532 925 566 955 et
584 922 744 955 sumsisse
760 926 933 956 merentes

49 966 231 1000 Laudabor
247 978 365 1011 poenas
380 980 389 1009 ;
414 967 638 1012 animumque
656 968 811 1012 explesse
824 968 966 1011 juvabit

49 1012 192 1045 Ultricis
208 1012 365 1056 flammae,
383 1016 417 1046 et
434 1013 564 1046 cineres
582 1014 722 1046 satiasse
739 1025 903 1048 meorum.

47 1057 145 1091 Talia
156 1058 343 1102 jactabam,
362 1063 397 1092 et
412 1058 544 1092 furiata
560 1063 676 1092 mente
693 1059 827 1093 ferebar
842 1058 866 1103 3]

48 1103 164 1144 Quum
180 1104 268 1136 mihi
285 1115 328 1147 se,
345 1115 416 1137 non
432 1108 514 1137 ante
531 1104 639 1138 oculis
656 1108 730 1138 tam
747 1105 849 1148 clara,
868 1105 1056 1139 videndam

48 1148 195 1192 Obtulit,
214 1153 249 1182 et
265 1161 353 1193 pura
370 1161 431 1193 per
447 1154 585 1183 noctem
600 1150 638 1183 in
654 1150 732 1183 luce
748 1151 886 1184 refulsit
1095 1153 1163 1184 590

46 1194 149 1228 Alma
165 1206 298 1238 parens,
316 1195 470 1228 confessa
486 1195 597 1237 deam,
614 1196 793 1239 qualisque
810 1196 921 1229 videri

47 1239 216 1273 Ooelicolis
233 1243 268 1273 et
284 1244 416 1284 quanta
433 1240 519 1274 solet
536 1253 544 1281 ;
569 1241 760 1284 dextraque
777 1242 986 1285 prehensum

47 1284 236 1328 Continuit,
252 1296 415 1329 roseoque
431 1285 507 1319 haec
524 1286 666 1330 insuper
682 1287 818 1319 addidit
835 1298 891 1320 ore
905 1299 912 1320 :

54 1329 63 1345 ‘
74 1329 174 1371 Nate,
192 1330 269 1373 quis
286 1330 471 1362 indomitas
488 1333 610 1362 tantus
627 1329 723 1363 dolor
739 1331 871 1363 excitat
887 1331 955 1363 iras
971 1330 984 1363 2

45 1375 138 1416 Quid
153 1375 241 1408 furis
255 1374 267 1408 2
292 1378 355 1408 aut
372 1385 521 1418 quonam
538 1375 646 1407 nostri
664 1374 729 1407 tibi
746 1385 829 1408 ema
845 1374 984 1408 recessit
998 1373 1010 1408 2

44 1420 123 1455 Non
138 1421 235 1464 prius
251 1420 404 1464 aspicieS‚
421 1419 483 1453 ubi
499 1420 628 1453 fessum
645 1422 748 1452 aetate
764 1423 944 1463 parentem

44 1465 200 1510 Liqueris
217 1465 394 1499 Anchisen
408 1466 420 1499 2
446 1469 584 1509 superet
601 1466 774 1509 conjuxne
792 1465 930 1507 Creiisa,

43 1511 281 1555 Ascaniusque
297 1522 383 1555 puer
397 1510 409 1544 2
434 1522 518 1555 quos
535 1522 651 1544 omnes
668 1510 823 1554 undique
841 1511 954 1544 Graiae

46 1557 183 1591 Circum
200 1561 316 1590 errant
333 1557 431 1599 acies,
449 1559 493 1599 et,
511 1556 549 1589 ni
565 1567 642 1590 mea
659 1567 742 1589 cura
757 1556 906 1599 resistat,

46 1603 71 1636 J
72 1614 129 1636 am
145 1603 291 1636 fiammae
310 1602 466 1644 tulerint,
483 1602 644 1635 inimicus
661 1605 697 1635 et
713 1602 868 1635 hauserit
885 1601 985 1636 ensis.
1091 1603 1158 1636 600

0 1647 1 1664 ³
44 1648 123 1682 Non
141 1648 206 1681 tibi
222 1648 429 1692 Tyndaridis
445 1647 550 1680 facies
566 1647 679 1681 invisa
695 1647 860 1690 Lacaenae,

47 1693 258 1739 Culpatusve
274 1693 372 1728 Paris
385 1705 394 1735 ;
419 1693 540 1728 divum
555 1693 788 1737 inclementia,
805 1693 936 1737 divum,
