<?xml version="1.0" encoding="UTF-8"?>
<!DOCTYPE html PUBLIC "-//W3C//DTD XHTML 1.0 Transitional//EN"
    "http://www.w3.org/TR/xhtml1/DTD/xhtml1-transitional.dtd">
<html xmlns="http://www.w3.org/1999/xhtml" xml:lang="en" lang="en">
 <head>
  <title>
</title>
<meta http-equiv="Content-Type" content="text/html;charset=utf-8" />
  <meta name='ocr-system' content='tesseract 3.04.00' />
  <meta name='ocr-capabilities' content='ocr_page ocr_carea ocr_par ocr_line ocrx_word'/>
</head>
<body>
  <div class='ocr_page' id='page_1' title='image "./operaomnia00virguoft_0154.png"; bbox 0 0 1345 1927; ppageno 0'>
   <div class='ocr_carea' id='block_1_1' title="bbox 128 78 946 117">
    <p class='ocr_par' dir='ltr' id='par_1_1' title="bbox 128 78 946 117">
     <span class='ocr_line' id='line_1_1' title="bbox 128 78 946 117; baseline -0.004 -1"><span class='ocrx_word' id='word_1_1' title='bbox 128 84 195 117; x_wconf 77' lang='lat'><strong>146</strong></span> <span class='ocrx_word' id='word_1_2' title='bbox 434 80 473 116; x_wconf 92' lang='lat' dir='ltr'><strong>P.</strong></span> <span class='ocrx_word' id='word_1_3' title='bbox 499 79 704 115; x_wconf 83' lang='lat' dir='ltr'><strong>VIRGILII</strong></span> <span class='ocrx_word' id='word_1_4' title='bbox 729 78 946 114; x_wconf 84' lang='lat' dir='ltr'>MARONIS</span> 
     </span>
    </p>
   </div>
   <div class='ocr_carea' id='block_1_2' title="bbox 127 145 1270 1793">
    <p class='ocr_par' dir='ltr' id='par_1_2' title="bbox 129 145 882 190">
     <span class='ocr_line' id='line_1_2' title="bbox 129 145 882 190; baseline -0.004 -9"><span class='ocrx_word' id='word_1_5' title='bbox 129 147 245 181; x_wconf 78' lang='lat' dir='ltr'>Litore</span> <span class='ocrx_word' id='word_1_6' title='bbox 262 146 422 180; x_wconf 86' lang='lat' dir='ltr'><strong>diductas</strong></span> <span class='ocrx_word' id='word_1_7' title='bbox 439 150 588 190; x_wconf 82' lang='lat' dir='ltr'><strong>angusto</strong></span> <span class='ocrx_word' id='word_1_8' title='bbox 605 145 767 179; x_wconf 77' lang='lat' dir='ltr'><strong>interluit</strong></span> <span class='ocrx_word' id='word_1_9' title='bbox 784 149 882 178; x_wconf 91' lang='lat' dir='ltr'><strong>aestu.</strong></span> 
     </span>
    </p>

    <p class='ocr_par' dir='ltr' id='par_1_3' title="bbox 127 189 1252 282">
     <span class='ocr_line' id='line_1_3' title="bbox 127 189 1252 236; baseline -0.004 -10"><span class='ocrx_word' id='word_1_10' title='bbox 127 193 303 226; x_wconf 80' lang='lat' dir='ltr'><strong>Dextrum</strong></span> <span class='ocrx_word' id='word_1_11' title='bbox 320 192 436 236; x_wconf 79' lang='lat' dir='ltr'><strong>Scylla</strong></span> <span class='ocrx_word' id='word_1_12' title='bbox 453 192 555 234; x_wconf 84' lang='lat' dir='ltr'><strong>latus,</strong></span> <span class='ocrx_word' id='word_1_13' title='bbox 573 192 701 224; x_wconf 77' lang='lat' dir='ltr'><strong>laevum</strong></span> <span class='ocrx_word' id='word_1_14' title='bbox 718 191 907 235; x_wconf 71' lang='lat' dir='ltr'><strong>implacata</strong></span> <span class='ocrx_word' id='word_1_15' title='bbox 925 189 1116 233; x_wconf 79' lang='lat' dir='ltr'><strong>Charybdis</strong></span> <span class='ocrx_word' id='word_1_16' title='bbox 1181 189 1252 222; x_wconf 83' lang='lat'><strong>420</strong></span> 
     </span>
     <span class='ocr_line' id='line_1_4' title="bbox 131 237 1022 282; baseline -0.004 -10"><span class='ocrx_word' id='word_1_17' title='bbox 131 239 283 280; x_wconf 81' lang='lat' dir='ltr'><strong>Obsidet,</strong></span> <span class='ocrx_word' id='word_1_18' title='bbox 301 243 405 282; x_wconf 80' lang='lat' dir='ltr'><strong>atque</strong></span> <span class='ocrx_word' id='word_1_19' title='bbox 422 238 491 271; x_wconf 91' lang='lat' dir='ltr'><strong>imo</strong></span> <span class='ocrx_word' id='word_1_20' title='bbox 507 237 664 270; x_wconf 82' lang='lat' dir='ltr'><strong>barathri</strong></span> <span class='ocrx_word' id='word_1_21' title='bbox 682 242 734 270; x_wconf 90' lang='lat' dir='ltr'><strong>ter</strong></span> <span class='ocrx_word' id='word_1_22' title='bbox 750 237 891 280; x_wconf 79' lang='lat' dir='ltr'><strong>gurgite</strong></span> <span class='ocrx_word' id='word_1_23' title='bbox 908 240 1022 269; x_wconf 76' lang='lat' dir='ltr'><strong>vastos</strong></span> 
     </span>
    </p>

    <p class='ocr_par' dir='ltr' id='par_1_4' title="bbox 131 281 1076 328">
     <span class='ocr_line' id='line_1_5' title="bbox 131 281 1076 328; baseline -0.004 -10"><span class='ocrx_word' id='word_1_24' title='bbox 131 284 253 318; x_wconf 79' lang='lat' dir='ltr'>Sorbet</span> <span class='ocrx_word' id='word_1_25' title='bbox 269 285 306 317; x_wconf 90' lang='lat' dir='ltr'><strong>in</strong></span> <span class='ocrx_word' id='word_1_26' title='bbox 324 284 515 328; x_wconf 85' lang='lat' dir='ltr'><strong>abruptum</strong></span> <span class='ocrx_word' id='word_1_27' title='bbox 532 283 670 325; x_wconf 77' lang='lat' dir='ltr'><strong>fluctus,</strong></span> <span class='ocrx_word' id='word_1_28' title='bbox 687 293 875 326; x_wconf 75' lang='lat' dir='ltr'>rursusque</span> <span class='ocrx_word' id='word_1_29' title='bbox 893 281 956 314; x_wconf 91' lang='lat' dir='ltr'><strong>sub</strong></span> <span class='ocrx_word' id='word_1_30' title='bbox 973 291 1076 315; x_wconf 80' lang='lat' dir='ltr'><strong>auras</strong></span> 
     </span>
    </p>

    <p class='ocr_par' dir='ltr' id='par_1_5' title="bbox 131 327 905 373">
     <span class='ocr_line' id='line_1_6' title="bbox 131 327 905 373; baseline -0.004 -10"><span class='ocrx_word' id='word_1_31' title='bbox 131 330 247 373; x_wconf 79' lang='lat' dir='ltr'><strong>Erigit</strong></span> <span class='ocrx_word' id='word_1_32' title='bbox 264 330 425 372; x_wconf 76' lang='lat' dir='ltr'><strong>alternos,</strong></span> <span class='ocrx_word' id='word_1_33' title='bbox 443 333 479 362; x_wconf 92' lang='lat' dir='ltr'><strong>et</strong></span> <span class='ocrx_word' id='word_1_34' title='bbox 496 329 608 362; x_wconf 89' lang='lat' dir='ltr'><strong>sidera</strong></span> <span class='ocrx_word' id='word_1_35' title='bbox 625 329 784 362; x_wconf 75' lang='lat' dir='ltr'><strong>verberat</strong></span> <span class='ocrx_word' id='word_1_36' title='bbox 802 327 905 360; x_wconf 87' lang='lat' dir='ltr'><strong>unda.</strong></span> 
     </span>
    </p>

    <p class='ocr_par' dir='ltr' id='par_1_6' title="bbox 131 373 975 419">
     <span class='ocr_line' id='line_1_7' title="bbox 131 373 975 419; baseline -0.004 -10"><span class='ocrx_word' id='word_1_37' title='bbox 131 376 180 409; x_wconf 81' lang='lat' dir='ltr'><strong>At</strong></span> <span class='ocrx_word' id='word_1_38' title='bbox 197 376 350 419; x_wconf 76' lang='lat' dir='ltr'><strong>Scyllam</strong></span> <span class='ocrx_word' id='word_1_39' title='bbox 368 376 468 408; x_wconf 77' lang='lat' dir='ltr'><strong>caecis</strong></span> <span class='ocrx_word' id='word_1_40' title='bbox 485 374 623 408; x_wconf 85' lang='lat' dir='ltr'><strong>cohibet</strong></span> <span class='ocrx_word' id='word_1_41' title='bbox 641 374 806 418; x_wconf 81' lang='lat' dir='ltr'><strong>spelunca</strong></span> <span class='ocrx_word' id='word_1_42' title='bbox 823 373 975 416; x_wconf 75' lang='lat' dir='ltr'><strong>latebris,</strong></span> 
     </span>
    </p>

    <p class='ocr_par' dir='ltr' id='par_1_7' title="bbox 133 419 1017 463">
     <span class='ocr_line' id='line_1_8' title="bbox 133 419 1017 463; baseline -0.005 -8"><span class='ocrx_word' id='word_1_43' title='bbox 133 421 201 455; x_wconf 85' lang='lat' dir='ltr'><strong>Ora</strong></span> <span class='ocrx_word' id='word_1_44' title='bbox 218 426 462 463; x_wconf 78' lang='lat' dir='ltr'><strong>exsertantem,</strong></span> <span class='ocrx_word' id='word_1_45' title='bbox 480 426 515 454; x_wconf 88' lang='lat' dir='ltr'><strong>et</strong></span> <span class='ocrx_word' id='word_1_46' title='bbox 532 432 637 453; x_wconf 77' lang='lat' dir='ltr'><strong>naves</strong></span> <span class='ocrx_word' id='word_1_47' title='bbox 654 421 691 452; x_wconf 89' lang='lat' dir='ltr'><strong>in</strong></span> <span class='ocrx_word' id='word_1_48' title='bbox 709 431 793 452; x_wconf 74' lang='lat' dir='ltr'><strong>saxa</strong></span> <span class='ocrx_word' id='word_1_49' title='bbox 811 419 1017 452; x_wconf 85' lang='lat' dir='ltr'><strong>trahentem.</strong></span> 
     </span>
    </p>

    <p class='ocr_par' dir='ltr' id='par_1_8' title="bbox 133 465 1035 509">
     <span class='ocr_line' id='line_1_9' title="bbox 133 465 1035 509; baseline -0.003 -9"><span class='ocrx_word' id='word_1_50' title='bbox 133 467 251 500; x_wconf 83' lang='lat' dir='ltr'><strong>Prima</strong></span> <span class='ocrx_word' id='word_1_51' title='bbox 268 467 417 500; x_wconf 76' lang='lat' dir='ltr'><strong>hominis</strong></span> <span class='ocrx_word' id='word_1_52' title='bbox 435 467 550 508; x_wconf 80' lang='lat' dir='ltr'><strong>facies&gt;</strong></span> <span class='ocrx_word' id='word_1_53' title='bbox 568 470 603 499; x_wconf 89' lang='lat' dir='ltr'><strong>et</strong></span> <span class='ocrx_word' id='word_1_54' title='bbox 620 465 766 509; x_wconf 84' lang='lat' dir='ltr'><strong>pulchro</strong></span> <span class='ocrx_word' id='word_1_55' title='bbox 784 471 920 509; x_wconf 85' lang='lat' dir='ltr'><strong>pectore</strong></span> <span class='ocrx_word' id='word_1_56' title='bbox 939 465 1035 508; x_wconf 78' lang='lat' dir='ltr'><strong>virgo</strong></span> 
     </span>
    </p>

    <p class='ocr_par' dir='ltr' id='par_1_9' title="bbox 133 511 1044 603">
     <span class='ocr_line' id='line_1_10' title="bbox 133 511 1044 556; baseline -0.003 -10"><span class='ocrx_word' id='word_1_57' title='bbox 133 513 231 546; x_wconf 90' lang='lat' dir='ltr'><strong>Pube</strong></span> <span class='ocrx_word' id='word_1_58' title='bbox 249 518 351 546; x_wconf 86' lang='lat' dir='ltr'><strong>tenus</strong></span> <span class='ocrx_word' id='word_1_59' title='bbox 366 524 374 553; x_wconf 90' lang='lat'>;</span> <span class='ocrx_word' id='word_1_60' title='bbox 399 516 572 556; x_wconf 82' lang='lat' dir='ltr'><strong>postrema</strong></span> <span class='ocrx_word' id='word_1_61' title='bbox 588 512 734 544; x_wconf 85' lang='lat' dir='ltr'><strong>immani</strong></span> <span class='ocrx_word' id='word_1_62' title='bbox 752 522 890 554; x_wconf 87' lang='lat' dir='ltr'><strong>corpore</strong></span> <span class='ocrx_word' id='word_1_63' title='bbox 908 511 1044 554; x_wconf 78' lang='lat' dir='ltr'><strong>pistrix,</strong></span> 
     </span>
     <span class='ocr_line' id='line_1_11' title="bbox 133 557 996 603; baseline -0.001 -12"><span class='ocrx_word' id='word_1_64' title='bbox 133 558 350 603; x_wconf 89' lang='lat' dir='ltr'><strong>Delphinum</strong></span> <span class='ocrx_word' id='word_1_65' title='bbox 368 557 495 590; x_wconf 80' lang='lat' dir='ltr'><strong>caudas</strong></span> <span class='ocrx_word' id='word_1_66' title='bbox 511 563 610 590; x_wconf 86' lang='lat' dir='ltr'><strong>utero</strong></span> <span class='ocrx_word' id='word_1_67' title='bbox 628 557 809 590; x_wconf 84' lang='lat' dir='ltr'><strong>commissa</strong></span> <span class='ocrx_word' id='word_1_68' title='bbox 826 557 996 600; x_wconf 88' lang='lat' dir='ltr'><strong>luporum.</strong></span> 
     </span>
    </p>

    <p class='ocr_par' dir='ltr' id='par_1_10' title="bbox 134 602 937 645">
     <span class='ocr_line' id='line_1_12' title="bbox 134 602 937 645; baseline -0.004 -8"><span class='ocrx_word' id='word_1_69' title='bbox 134 603 284 638; x_wconf 73' lang='lat' dir='ltr'><strong>Praestat</strong></span> <span class='ocrx_word' id='word_1_70' title='bbox 302 603 471 636; x_wconf 82' lang='lat' dir='ltr'><strong>Trinacrii</strong></span> <span class='ocrx_word' id='word_1_71' title='bbox 487 607 597 635; x_wconf 76' lang='lat' dir='ltr'><strong>metas</strong></span> <span class='ocrx_word' id='word_1_72' title='bbox 614 602 761 635; x_wconf 81' lang='lat' dir='ltr'><strong>lustrare</strong></span> <span class='ocrx_word' id='word_1_73' title='bbox 779 602 937 645; x_wconf 63' lang='lat' dir='ltr'><strong>Pachyni</strong></span> 
     </span>
    </p>

    <p class='ocr_par' dir='ltr' id='par_1_11' title="bbox 135 647 1258 736">
     <span class='ocr_line' id='line_1_13' title="bbox 135 647 1258 692; baseline -0.004 -9"><span class='ocrx_word' id='word_1_74' title='bbox 135 649 345 692; x_wconf 85' lang='lat' dir='ltr'><strong>Cessantem,</strong></span> <span class='ocrx_word' id='word_1_75' title='bbox 362 649 481 691; x_wconf 80' lang='lat' dir='ltr'><strong>longos</strong></span> <span class='ocrx_word' id='word_1_76' title='bbox 498 653 534 681; x_wconf 86' lang='lat' dir='ltr'><strong>et</strong></span> <span class='ocrx_word' id='word_1_77' title='bbox 551 647 820 680; x_wconf 79' lang='lat' dir='ltr'><strong>circumflectere</strong></span> <span class='ocrx_word' id='word_1_78' title='bbox 837 655 968 690; x_wconf 63' lang='lat' dir='ltr'><strong>cursus,</strong></span> <span class='ocrx_word' id='word_1_79' title='bbox 1188 648 1258 680; x_wconf 87' lang='lat'><strong>430</strong></span> 
     </span>
     <span class='ocr_line' id='line_1_14' title="bbox 137 693 1028 736; baseline -0.003 -8"><span class='ocrx_word' id='word_1_80' title='bbox 137 695 249 736; x_wconf 84' lang='lat' dir='ltr'><strong>Quam</strong></span> <span class='ocrx_word' id='word_1_81' title='bbox 267 694 370 728; x_wconf 89' lang='lat' dir='ltr'><strong>semel</strong></span> <span class='ocrx_word' id='word_1_82' title='bbox 389 695 571 727; x_wconf 82' lang='lat' dir='ltr'><strong>insonnem</strong></span> <span class='ocrx_word' id='word_1_83' title='bbox 588 698 686 726; x_wconf 79' lang='lat' dir='ltr'><strong>vasto</strong></span> <span class='ocrx_word' id='word_1_84' title='bbox 703 693 829 726; x_wconf 83' lang='lat' dir='ltr'><strong>vidisse</strong></span> <span class='ocrx_word' id='word_1_85' title='bbox 847 693 910 726; x_wconf 88' lang='lat' dir='ltr'><strong>sub</strong></span> <span class='ocrx_word' id='word_1_86' title='bbox 927 698 1028 726; x_wconf 83' lang='lat' dir='ltr'><strong>antro</strong></span> 
     </span>
    </p>

    <p class='ocr_par' dir='ltr' id='par_1_12' title="bbox 136 739 1067 829">
     <span class='ocr_line' id='line_1_15' title="bbox 136 739 1067 784; baseline -0.001 -10"><span class='ocrx_word' id='word_1_87' title='bbox 136 741 299 784; x_wconf 79' lang='lat' dir='ltr'><strong>Scyllam,</strong></span> <span class='ocrx_word' id='word_1_88' title='bbox 317 746 352 774; x_wconf 86' lang='lat' dir='ltr'><strong>et</strong></span> <span class='ocrx_word' id='word_1_89' title='bbox 369 740 522 773; x_wconf 86' lang='lat' dir='ltr'><strong>caeruleis</strong></span> <span class='ocrx_word' id='word_1_90' title='bbox 541 739 683 772; x_wconf 79' lang='lat' dir='ltr'><strong>canibus</strong></span> <span class='ocrx_word' id='word_1_91' title='bbox 700 739 897 772; x_wconf 81' lang='lat' dir='ltr'><strong>resonantia</strong></span> <span class='ocrx_word' id='word_1_92' title='bbox 914 750 1007 773; x_wconf 85' lang='lat' dir='ltr'><strong>saxa..</strong></span> <span class='ocrx_word' id='word_1_93' title='bbox 1062 753 1067 756; x_wconf 80' lang='lat'><strong>·</strong></span> 
     </span>
     <span class='ocr_line' id='line_1_16' title="bbox 137 785 979 829; baseline -0.004 -9"><span class='ocrx_word' id='word_1_94' title='bbox 137 787 319 829; x_wconf 78' lang='lat' dir='ltr'><strong>Praeterea,</strong></span> <span class='ocrx_word' id='word_1_95' title='bbox 337 787 366 819; x_wconf 90' lang='lat' dir='ltr'><strong>si</strong></span> <span class='ocrx_word' id='word_1_96' title='bbox 383 797 451 829; x_wconf 83' lang='lat' dir='ltr'><strong>qua</strong></span> <span class='ocrx_word' id='word_1_97' title='bbox 468 790 520 818; x_wconf 84' lang='lat' dir='ltr'><strong>est</strong></span> <span class='ocrx_word' id='word_1_98' title='bbox 538 785 672 818; x_wconf 89' lang='lat' dir='ltr'><strong>Heleno</strong></span> <span class='ocrx_word' id='word_1_99' title='bbox 689 785 888 828; x_wconf 80' lang='lat' dir='ltr'><strong>prudentia,</strong></span> <span class='ocrx_word' id='word_1_100' title='bbox 905 785 979 818; x_wconf 79' lang='lat' dir='ltr'><strong>vati</strong></span> 
     </span>
    </p>

    <p class='ocr_par' dir='ltr' id='par_1_13' title="bbox 137 830 992 876">
     <span class='ocr_line' id='line_1_17' title="bbox 137 830 992 876; baseline -0.002 -10"><span class='ocrx_word' id='word_1_101' title='bbox 137 832 175 866; x_wconf 88' lang='lat' dir='ltr'><strong>Si</strong></span> <span class='ocrx_word' id='word_1_102' title='bbox 193 844 262 876; x_wconf 83' lang='lat' dir='ltr'><strong>qua</strong></span> <span class='ocrx_word' id='word_1_103' title='bbox 279 832 373 874; x_wconf 86' lang='lat' dir='ltr'><strong>fides,</strong></span> <span class='ocrx_word' id='word_1_104' title='bbox 391 832 548 864; x_wconf 89' lang='lat' dir='ltr'><strong>animum</strong></span> <span class='ocrx_word' id='word_1_105' title='bbox 566 831 594 863; x_wconf 88' lang='lat' dir='ltr'><strong>si</strong></span> <span class='ocrx_word' id='word_1_106' title='bbox 611 831 700 864; x_wconf 75' lang='lat' dir='ltr'><strong>veris</strong></span> <span class='ocrx_word' id='word_1_107' title='bbox 717 830 841 874; x_wconf 86' lang='lat' dir='ltr'><strong>implet</strong></span> <span class='ocrx_word' id='word_1_108' title='bbox 858 830 992 874; x_wconf 86' lang='lat' dir='ltr'><strong>Apollo,</strong></span> 
     </span>
    </p>

    <p class='ocr_par' dir='ltr' id='par_1_14' title="bbox 138 876 1180 967">
     <span class='ocr_line' id='line_1_18' title="bbox 138 876 1102 920; baseline -0.003 -9"><span class='ocrx_word' id='word_1_109' title='bbox 138 878 259 912; x_wconf 90' lang='lat' dir='ltr'><strong>Unum</strong></span> <span class='ocrx_word' id='word_1_110' title='bbox 276 878 367 910; x_wconf 89' lang='lat' dir='ltr'><strong>illud</strong></span> <span class='ocrx_word' id='word_1_111' title='bbox 384 877 458 919; x_wconf 86' lang='lat' dir='ltr'><strong>tibi⁷</strong></span> <span class='ocrx_word' id='word_1_112' title='bbox 475 882 558 910; x_wconf 88' lang='lat' dir='ltr'><strong>nate</strong></span> <span class='ocrx_word' id='word_1_113' title='bbox 575 876 649 919; x_wconf 85' lang='lat' dir='ltr'><strong>dea,</strong></span> <span class='ocrx_word' id='word_1_114' title='bbox 668 887 798 920; x_wconf 89' lang='lat' dir='ltr'><strong>proque</strong></span> <span class='ocrx_word' id='word_1_115' title='bbox 815 876 974 909; x_wconf 82' lang='lat' dir='ltr'><strong>omnibus</strong></span> <span class='ocrx_word' id='word_1_116' title='bbox 991 886 1102 908; x_wconf 90' lang='lat' dir='ltr'><strong>unum</strong></span> 
     </span>
     <span class='ocr_line' id='line_1_19' title="bbox 139 920 1180 967; baseline -0.003 -10"><span class='ocrx_word' id='word_1_117' title='bbox 139 924 342 967; x_wconf 85' lang='lat' dir='ltr'><strong>Praedieam,</strong></span> <span class='ocrx_word' id='word_1_118' title='bbox 360 927 395 956; x_wconf 88' lang='lat' dir='ltr'><strong>et</strong></span> <span class='ocrx_word' id='word_1_119' title='bbox 411 927 570 967; x_wconf 84' lang='lat' dir='ltr'><strong>repetens</strong></span> <span class='ocrx_word' id='word_1_120' title='bbox 587 922 784 965; x_wconf 87' lang='lat' dir='ltr'><strong>iterumque</strong></span> <span class='ocrx_word' id='word_1_121' title='bbox 801 922 997 965; x_wconf 87' lang='lat' dir='ltr'><strong>iterumque</strong></span> <span class='ocrx_word' id='word_1_122' title='bbox 1013 920 1158 954; x_wconf 86' lang='lat' dir='ltr'><strong>monebo</strong></span> <span class='ocrx_word' id='word_1_123' title='bbox 1172 931 1180 954; x_wconf 74' lang='grc' dir='ltr'><em>τ</em></span> 
     </span>
    </p>

    <p class='ocr_par' dir='ltr' id='par_1_15' title="bbox 140 967 1024 1012">
     <span class='ocr_line' id='line_1_20' title="bbox 140 967 1024 1012; baseline -0.003 -8"><span class='ocrx_word' id='word_1_124' title='bbox 140 970 166 1004; x_wconf 83' lang='lat' dir='ltr'><strong>J</strong></span> <span class='ocrx_word' id='word_1_125' title='bbox 167 970 292 1003; x_wconf 86' lang='lat' dir='ltr'><strong>unonis</strong></span> <span class='ocrx_word' id='word_1_126' title='bbox 308 980 445 1012; x_wconf 84' lang='lat' dir='ltr'><strong>magnae</strong></span> <span class='ocrx_word' id='word_1_127' title='bbox 462 969 615 1012; x_wconf 89' lang='lat' dir='ltr'><strong>primum</strong></span> <span class='ocrx_word' id='word_1_128' title='bbox 631 978 732 1011; x_wconf 87' lang='lat' dir='ltr'><strong>prece</strong></span> <span class='ocrx_word' id='word_1_129' title='bbox 748 978 880 1000; x_wconf 88' lang='lat' dir='ltr'><strong>numen</strong></span> <span class='ocrx_word' id='word_1_130' title='bbox 896 967 1001 1001; x_wconf 84' lang='lat' dir='ltr'><strong>adora</strong></span> <span class='ocrx_word' id='word_1_131' title='bbox 1015 979 1024 1008; x_wconf 89' lang='lat'>;</span> 
     </span>
    </p>

    <p class='ocr_par' dir='ltr' id='par_1_16' title="bbox 140 1013 1075 1105">
     <span class='ocr_line' id='line_1_21' title="bbox 140 1013 1075 1056; baseline -0.005 -6"><span class='ocrx_word' id='word_1_132' title='bbox 140 1016 166 1050; x_wconf 86' lang='lat' dir='ltr'>J</span> <span class='ocrx_word' id='word_1_133' title='bbox 168 1015 276 1049; x_wconf 89' lang='lat' dir='ltr'><strong>unoni</strong></span> <span class='ocrx_word' id='word_1_134' title='bbox 293 1026 378 1048; x_wconf 87' lang='lat' dir='ltr'><strong>cane</strong></span> <span class='ocrx_word' id='word_1_135' title='bbox 395 1018 477 1047; x_wconf 85' lang='lat' dir='ltr'><strong>vota</strong></span> <span class='ocrx_word' id='word_1_136' title='bbox 493 1014 613 1056; x_wconf 85' lang='lat' dir='ltr'><strong>libens,</strong></span> <span class='ocrx_word' id='word_1_137' title='bbox 632 1013 878 1056; x_wconf 86' lang='lat' dir='ltr'><strong>dominamque</strong></span> <span class='ocrx_word' id='word_1_138' title='bbox 895 1017 1075 1056; x_wconf 85' lang='lat' dir='ltr'><strong>potentem</strong></span> 
     </span>
     <span class='ocr_line' id='line_1_22' title="bbox 141 1058 1014 1105; baseline -0.005 -10"><span class='ocrx_word' id='word_1_139' title='bbox 141 1061 364 1105; x_wconf 82' lang='lat' dir='ltr'><strong>Supplicibus</strong></span> <span class='ocrx_word' id='word_1_140' title='bbox 383 1071 507 1104; x_wconf 89' lang='lat' dir='ltr'><strong>supera</strong></span> <span class='ocrx_word' id='word_1_141' title='bbox 524 1059 622 1092; x_wconf 88' lang='lat' dir='ltr'><strong>donis</strong></span> <span class='ocrx_word' id='word_1_142' title='bbox 637 1071 643 1092; x_wconf 94' lang='lat'><strong>:</strong></span> <span class='ocrx_word' id='word_1_143' title='bbox 670 1059 718 1091; x_wconf 82' lang='lat' dir='ltr'><strong>sie</strong></span> <span class='ocrx_word' id='word_1_144' title='bbox 735 1058 886 1101; x_wconf 81' lang='lat' dir='ltr'><strong>denique</strong></span> <span class='ocrx_word' id='word_1_145' title='bbox 903 1058 1014 1092; x_wconf 81' lang='lat' dir='ltr'><strong>vietor</strong></span> 
     </span>
    </p>

    <p class='ocr_par' dir='ltr' id='par_1_17' title="bbox 141 1103 1264 1193">
     <span class='ocr_line' id='line_1_23' title="bbox 141 1103 1264 1141; baseline -0.005 0"><span class='ocrx_word' id='word_1_146' title='bbox 141 1107 320 1141; x_wconf 73' lang='lat' dir='ltr'><strong>Trinacria</strong></span> <span class='ocrx_word' id='word_1_147' title='bbox 336 1106 422 1139; x_wconf 84' lang='lat' dir='ltr'><strong>fines</strong></span> <span class='ocrx_word' id='word_1_148' title='bbox 440 1105 547 1138; x_wconf 84' lang='lat' dir='ltr'><strong>Italos</strong></span> <span class='ocrx_word' id='word_1_149' title='bbox 563 1105 704 1137; x_wconf 87' lang='lat' dir='ltr'><strong>mittere</strong></span> <span class='ocrx_word' id='word_1_150' title='bbox 720 1104 851 1137; x_wconf 85' lang='lat' dir='ltr'><strong>relicta.</strong></span> <span class='ocrx_word' id='word_1_151' title='bbox 1194 1103 1264 1136; x_wconf 83' lang='lat'><strong>440</strong></span> 
     </span>
     <span class='ocr_line' id='line_1_24' title="bbox 143 1149 997 1193; baseline -0.006 -6"><span class='ocrx_word' id='word_1_152' title='bbox 143 1153 225 1187; x_wconf 89' lang='lat' dir='ltr'><strong>Huc</strong></span> <span class='ocrx_word' id='word_1_153' title='bbox 242 1152 303 1185; x_wconf 90' lang='lat' dir='ltr'><strong>ubi</strong></span> <span class='ocrx_word' id='word_1_154' title='bbox 320 1152 458 1185; x_wconf 87' lang='lat' dir='ltr'><strong>delatus</strong></span> <span class='ocrx_word' id='word_1_155' title='bbox 476 1151 653 1184; x_wconf 85' lang='lat' dir='ltr'><strong>Cumaeam</strong></span> <span class='ocrx_word' id='word_1_156' title='bbox 670 1150 850 1183; x_wconf 84' lang='lat' dir='ltr'><strong>accesseris</strong></span> <span class='ocrx_word' id='word_1_157' title='bbox 867 1149 997 1193; x_wconf 85' lang='lat' dir='ltr'><strong>urbem,</strong></span> 
     </span>
    </p>

    <p class='ocr_par' dir='ltr' id='par_1_18' title="bbox 142 1195 979 1242">
     <span class='ocr_line' id='line_1_25' title="bbox 142 1195 979 1242; baseline -0.006 -9"><span class='ocrx_word' id='word_1_158' title='bbox 142 1199 356 1242; x_wconf 80' lang='lat' dir='ltr'><strong>Divinosque</strong></span> <span class='ocrx_word' id='word_1_159' title='bbox 373 1197 469 1230; x_wconf 84' lang='lat' dir='ltr'><strong>lacus</strong></span> <span class='ocrx_word' id='word_1_160' title='bbox 487 1201 522 1229; x_wconf 86' lang='lat' dir='ltr'><strong>et</strong></span> <span class='ocrx_word' id='word_1_161' title='bbox 539 1196 679 1229; x_wconf 84' lang='lat' dir='ltr'><strong>Averna</strong></span> <span class='ocrx_word' id='word_1_162' title='bbox 696 1196 856 1229; x_wconf 81' lang='lat' dir='ltr'><strong>sonantia.</strong></span> <span class='ocrx_word' id='word_1_163' title='bbox 872 1195 979 1238; x_wconf 83' lang='lat' dir='ltr'><strong>silvis,</strong></span> 
     </span>
    </p>

    <p class='ocr_par' dir='ltr' id='par_1_19' title="bbox 144 1241 1001 1287">
     <span class='ocr_line' id='line_1_26' title="bbox 144 1241 1001 1287; baseline -0.005 -9"><span class='ocrx_word' id='word_1_164' title='bbox 144 1245 310 1279; x_wconf 86' lang='lat' dir='ltr'><strong>Insanam</strong></span> <span class='ocrx_word' id='word_1_165' title='bbox 327 1247 443 1276; x_wconf 83' lang='lat' dir='ltr'><strong>vatem</strong></span> <span class='ocrx_word' id='word_1_166' title='bbox 460 1242 623 1287; x_wconf 86' lang='lat' dir='ltr'><strong>aspicies;</strong></span> <span class='ocrx_word' id='word_1_167' title='bbox 641 1252 719 1285; x_wconf 87' lang='lat' dir='ltr'><strong>quae</strong></span> <span class='ocrx_word' id='word_1_168' title='bbox 735 1253 822 1285; x_wconf 87' lang='lat' dir='ltr'><strong>rupe</strong></span> <span class='ocrx_word' id='word_1_169' title='bbox 839 1241 902 1274; x_wconf 82' lang='lat' dir='ltr'><strong>sub</strong></span> <span class='ocrx_word' id='word_1_170' title='bbox 919 1241 1001 1274; x_wconf 80' lang='lat' dir='ltr'><strong>ima-</strong></span> 
     </span>
    </p>

    <p class='ocr_par' dir='ltr' id='par_1_20' title="bbox 145 1287 1040 1379">
     <span class='ocr_line' id='line_1_27' title="bbox 145 1287 1030 1332; baseline -0.006 -7"><span class='ocrx_word' id='word_1_171' title='bbox 145 1291 235 1325; x_wconf 82' lang='lat' dir='ltr'><strong>Fata</strong></span> <span class='ocrx_word' id='word_1_172' title='bbox 252 1289 356 1332; x_wconf 86' lang='lat' dir='ltr'><strong>canit,</strong></span> <span class='ocrx_word' id='word_1_173' title='bbox 373 1289 534 1332; x_wconf 85' lang='lat' dir='ltr'><strong>foliisque</strong></span> <span class='ocrx_word' id='word_1_174' title='bbox 550 1292 650 1321; x_wconf 81' lang='lat' dir='ltr'><strong>notas</strong></span> <span class='ocrx_word' id='word_1_175' title='bbox 667 1292 702 1321; x_wconf 90' lang='lat' dir='ltr'><strong>et</strong></span> <span class='ocrx_word' id='word_1_176' title='bbox 718 1287 860 1321; x_wconf 88' lang='lat' dir='ltr'><strong>nomina.</strong></span> <span class='ocrx_word' id='word_1_177' title='bbox 875 1287 1030 1320; x_wconf 86' lang='lat' dir='ltr'><strong>mandat.</strong></span> 
     </span>
     <span class='ocr_line' id='line_1_28' title="bbox 147 1333 1040 1379; baseline -0.004 -10"><span class='ocrx_word' id='word_1_178' title='bbox 147 1337 382 1379; x_wconf 85' lang='lat' dir='ltr'><strong>Quaecumque</strong></span> <span class='ocrx_word' id='word_1_179' title='bbox 399 1335 437 1367; x_wconf 91' lang='lat' dir='ltr'><strong>in</strong></span> <span class='ocrx_word' id='word_1_180' title='bbox 454 1334 546 1367; x_wconf 84' lang='lat' dir='ltr'><strong>foliis</strong></span> <span class='ocrx_word' id='word_1_181' title='bbox 563 1334 745 1378; x_wconf 88' lang='lat' dir='ltr'><strong>descripsit</strong></span> <span class='ocrx_word' id='word_1_182' title='bbox 762 1333 917 1366; x_wconf 85' lang='lat' dir='ltr'><strong>carmina</strong></span> <span class='ocrx_word' id='word_1_183' title='bbox 933 1333 1040 1376; x_wconf 85' lang='lat' dir='ltr'><strong>virgo,</strong></span> 
     </span>
    </p>

    <p class='ocr_par' dir='ltr' id='par_1_21' title="bbox 146 1377 1137 1426">
     <span class='ocr_line' id='line_1_29' title="bbox 146 1377 1137 1426; baseline -0.004 -11"><span class='ocrx_word' id='word_1_184' title='bbox 146 1382 286 1426; x_wconf 85' lang='lat' dir='ltr'><strong>Digerit</strong></span> <span class='ocrx_word' id='word_1_185' title='bbox 303 1381 340 1414; x_wconf 89' lang='lat' dir='ltr'><strong>in</strong></span> <span class='ocrx_word' id='word_1_186' title='bbox 356 1391 551 1423; x_wconf 88' lang='lat' dir='ltr'><strong>numerum,</strong></span> <span class='ocrx_word' id='word_1_187' title='bbox 569 1384 676 1423; x_wconf 90' lang='lat' dir='ltr'><strong>atque</strong></span> <span class='ocrx_word' id='word_1_188' title='bbox 693 1384 793 1413; x_wconf 85' lang='lat' dir='ltr'><strong>antro</strong></span> <span class='ocrx_word' id='word_1_189' title='bbox 811 1378 943 1412; x_wconf 85' lang='lat' dir='ltr'><strong>seclusa</strong></span> <span class='ocrx_word' id='word_1_190' title='bbox 958 1377 1137 1422; x_wconf 84' lang='lat' dir='ltr'><strong>relinquit.</strong></span> 
     </span>
    </p>

    <p class='ocr_par' dir='ltr' id='par_1_22' title="bbox 148 1423 1124 1563">
     <span class='ocr_line' id='line_1_30' title="bbox 148 1423 1124 1469; baseline -0.005 -8"><span class='ocrx_word' id='word_1_191' title='bbox 148 1428 217 1461; x_wconf 79' lang='lat' dir='ltr'><strong>Ina</strong></span> <span class='ocrx_word' id='word_1_192' title='bbox 232 1430 376 1460; x_wconf 87' lang='lat' dir='ltr'><strong>manent</strong></span> <span class='ocrx_word' id='word_1_193' title='bbox 392 1427 537 1459; x_wconf 79' lang='lat' dir='ltr'><strong>immota</strong></span> <span class='ocrx_word' id='word_1_194' title='bbox 553 1425 645 1468; x_wconf 88' lang='lat' dir='ltr'><strong>locis,</strong></span> <span class='ocrx_word' id='word_1_195' title='bbox 662 1437 774 1469; x_wconf 88' lang='lat' dir='ltr'><strong>neque</strong></span> <span class='ocrx_word' id='word_1_196' title='bbox 791 1425 834 1458; x_wconf 90' lang='lat' dir='ltr'><strong>ab</strong></span> <span class='ocrx_word' id='word_1_197' title='bbox 851 1424 970 1458; x_wconf 87' lang='lat' dir='ltr'><strong>ordine</strong></span> <span class='ocrx_word' id='word_1_198' title='bbox 985 1423 1124 1458; x_wconf 79' lang='lat' dir='ltr'><strong>cedunt.</strong></span> 
     </span>
     <span class='ocr_line' id='line_1_31' title="bbox 149 1470 1105 1515; baseline -0.004 -8"><span class='ocrx_word' id='word_1_199' title='bbox 149 1473 282 1507; x_wconf 87' lang='lat' dir='ltr'><strong>Verum</strong></span> <span class='ocrx_word' id='word_1_200' title='bbox 299 1472 430 1515; x_wconf 85' lang='lat' dir='ltr'><strong>eadem,</strong></span> <span class='ocrx_word' id='word_1_201' title='bbox 448 1483 545 1505; x_wconf 84' lang='lat' dir='ltr'><strong>verso</strong></span> <span class='ocrx_word' id='word_1_202' title='bbox 561 1472 677 1505; x_wconf 85' lang='lat' dir='ltr'><strong>tenuis</strong></span> <span class='ocrx_word' id='word_1_203' title='bbox 696 1482 806 1514; x_wconf 83' lang='lat' dir='ltr'><strong>quum</strong></span> <span class='ocrx_word' id='word_1_204' title='bbox 823 1470 962 1504; x_wconf 83' lang='lat' dir='ltr'><strong>cardine</strong></span> <span class='ocrx_word' id='word_1_205' title='bbox 978 1473 1105 1504; x_wconf 79' lang='lat' dir='ltr'><strong>ventus</strong></span> 
     </span>
     <span class='ocr_line' id='line_1_32' title="bbox 149 1516 976 1563; baseline -0.004 -11"><span class='ocrx_word' id='word_1_206' title='bbox 149 1518 309 1563; x_wconf 85' lang='lat' dir='ltr'><strong>Impulit,</strong></span> <span class='ocrx_word' id='word_1_207' title='bbox 327 1523 362 1551; x_wconf 87' lang='lat' dir='ltr'><strong>et</strong></span> <span class='ocrx_word' id='word_1_208' title='bbox 380 1522 515 1551; x_wconf 82' lang='lat' dir='ltr'><strong>teneras</strong></span> <span class='ocrx_word' id='word_1_209' title='bbox 531 1517 689 1550; x_wconf 84' lang='lat' dir='ltr'><strong>turbavit</strong></span> <span class='ocrx_word' id='word_1_210' title='bbox 700 1518 812 1560; x_wconf 88' lang='lat' dir='ltr'><strong>janua</strong></span> <span class='ocrx_word' id='word_1_211' title='bbox 827 1516 976 1559; x_wconf 75' lang='lat' dir='ltr'><strong>firondes,</strong></span> 
     </span>
    </p>

    <p class='ocr_par' dir='ltr' id='par_1_23' title="bbox 149 1561 1270 1653">
     <span class='ocr_line' id='line_1_33' title="bbox 149 1561 1270 1609; baseline -0.004 -11"><span class='ocrx_word' id='word_1_212' title='bbox 149 1565 343 1609; x_wconf 85' lang='lat' dir='ltr'><strong>Nunquam</strong></span> <span class='ocrx_word' id='word_1_213' title='bbox 360 1563 484 1596; x_wconf 86' lang='lat' dir='ltr'><strong>deinde</strong></span> <span class='ocrx_word' id='word_1_214' title='bbox 502 1574 586 1597; x_wconf 83' lang='lat' dir='ltr'><strong>cavo</strong></span> <span class='ocrx_word' id='word_1_215' title='bbox 603 1563 789 1596; x_wconf 79' lang='lat' dir='ltr'><strong>volitantia</strong></span> <span class='ocrx_word' id='word_1_216' title='bbox 804 1562 972 1607; x_wconf 89' lang='lat' dir='ltr'><strong>prendere</strong></span> <span class='ocrx_word' id='word_1_217' title='bbox 989 1571 1082 1605; x_wconf 84' lang='lat' dir='ltr'><strong>saxo,</strong></span> <span class='ocrx_word' id='word_1_218' title='bbox 1200 1561 1270 1593; x_wconf 89' lang='grc'><strong>450</strong></span> 
     </span>
     <span class='ocr_line' id='line_1_34' title="bbox 150 1608 1054 1653; baseline -0.004 -9"><span class='ocrx_word' id='word_1_219' title='bbox 150 1610 225 1644; x_wconf 79' lang='lat' dir='ltr'><strong>Neo</strong></span> <span class='ocrx_word' id='word_1_220' title='bbox 241 1621 401 1643; x_wconf 87' lang='lat' dir='ltr'><strong>revocare</strong></span> <span class='ocrx_word' id='word_1_221' title='bbox 418 1609 516 1652; x_wconf 86' lang='lat' dir='ltr'><strong>situs,</strong></span> <span class='ocrx_word' id='word_1_222' title='bbox 533 1613 597 1643; x_wconf 90' lang='lat' dir='ltr'><strong>aut</strong></span> <span class='ocrx_word' id='word_1_223' title='bbox 609 1612 758 1653; x_wconf 88' lang='lat' dir='ltr'><strong>jungere</strong></span> <span class='ocrx_word' id='word_1_224' title='bbox 775 1608 929 1642; x_wconf 85' lang='lat' dir='ltr'><strong>carmina</strong></span> <span class='ocrx_word' id='word_1_225' title='bbox 945 1611 1054 1641; x_wconf 75' lang='lat' dir='ltr'><strong>curat.</strong></span> 
     </span>
    </p>

    <p class='ocr_par' dir='ltr' id='par_1_24' title="bbox 153 1653 993 1699">
     <span class='ocr_line' id='line_1_35' title="bbox 153 1653 993 1699; baseline -0.005 -9"><span class='ocrx_word' id='word_1_226' title='bbox 153 1656 349 1691; x_wconf 81' lang='lat' dir='ltr'><strong>Inconsulti</strong></span> <span class='ocrx_word' id='word_1_227' title='bbox 365 1655 505 1698; x_wconf 85' lang='lat' dir='ltr'><strong>abeunt,</strong></span> <span class='ocrx_word' id='word_1_228' title='bbox 523 1655 707 1699; x_wconf 87' lang='lat' dir='ltr'><strong>sedemque</strong></span> <span class='ocrx_word' id='word_1_229' title='bbox 724 1655 825 1688; x_wconf 86' lang='lat' dir='ltr'><strong>odere</strong></span> <span class='ocrx_word' id='word_1_230' title='bbox 842 1653 993 1697; x_wconf 78' lang='lat' dir='ltr'><strong>Sibyllae.</strong></span> 
     </span>
    </p>

    <p class='ocr_par' dir='ltr' id='par_1_25' title="bbox 153 1698 1086 1746">
     <span class='ocr_line' id='line_1_36' title="bbox 153 1698 1086 1746; baseline -0.004 -11"><span class='ocrx_word' id='word_1_231' title='bbox 153 1701 224 1736; x_wconf 87' lang='lat' dir='ltr'><strong>Hic</strong></span> <span class='ocrx_word' id='word_1_232' title='bbox 241 1702 306 1735; x_wconf 88' lang='lat' dir='ltr'><strong>tibi</strong></span> <span class='ocrx_word' id='word_1_233' title='bbox 323 1713 366 1734; x_wconf 89' lang='lat' dir='ltr'><strong>ne</strong></span> <span class='ocrx_word' id='word_1_234' title='bbox 383 1712 453 1746; x_wconf 88' lang='lat' dir='ltr'><strong>qua</strong></span> <span class='ocrx_word' id='word_1_235' title='bbox 467 1712 572 1734; x_wconf 88' lang='lat' dir='ltr'><strong>morae</strong></span> <span class='ocrx_word' id='word_1_236' title='bbox 588 1701 721 1734; x_wconf 86' lang='lat' dir='ltr'><strong>fuerint</strong></span> <span class='ocrx_word' id='word_1_237' title='bbox 738 1699 920 1744; x_wconf 79' lang='lat' dir='ltr'><strong>dispendia</strong></span> <span class='ocrx_word' id='word_1_238' title='bbox 936 1698 1086 1741; x_wconf 81' lang='lat' dir='ltr'><strong>tanti,—</strong></span> 
     </span>
    </p>

    <p class='ocr_par' dir='ltr' id='par_1_26' title="bbox 155 1744 1083 1793">
     <span class='ocr_line' id='line_1_37' title="bbox 155 1744 1083 1793; baseline -0.004 -12"><span class='ocrx_word' id='word_1_239' title='bbox 155 1747 321 1789; x_wconf 84' lang='lat' dir='ltr'><strong>Quamvis</strong></span> <span class='ocrx_word' id='word_1_240' title='bbox 337 1747 549 1793; x_wconf 83' lang='lat' dir='ltr'><strong>increpitent</strong></span> <span class='ocrx_word' id='word_1_241' title='bbox 565 1747 658 1790; x_wconf 89' lang='lat' dir='ltr'><strong>socii,</strong></span> <span class='ocrx_word' id='word_1_242' title='bbox 676 1750 711 1780; x_wconf 84' lang='lat' dir='ltr'><strong>et</strong></span> <span class='ocrx_word' id='word_1_243' title='bbox 727 1746 763 1780; x_wconf 83' lang='lat' dir='ltr'><strong>vi</strong></span> <span class='ocrx_word' id='word_1_244' title='bbox 780 1756 900 1779; x_wconf 86' lang='lat' dir='ltr'><strong>cursus</strong></span> <span class='ocrx_word' id='word_1_245' title='bbox 916 1745 953 1778; x_wconf 90' lang='lat' dir='ltr'><strong>in</strong></span> <span class='ocrx_word' id='word_1_246' title='bbox 969 1744 1083 1778; x_wconf 86' lang='lat' dir='ltr'><strong>altum</strong></span> 
     </span>
    </p>
   </div>
   <div class='ocr_carea' id='block_1_3' title="bbox 1282 0 1345 1927">
    <p class='ocr_par' dir='ltr' id='par_1_27' title="bbox 1282 0 1345 1927">
     <span class='ocr_line' id='line_1_38' title="bbox 1282 0 1345 1927; baseline 0 0"><span class='ocrx_word' id='word_1_247' title='bbox 1282 0 1345 1927; x_wconf 95' lang='lat' dir='ltr'><strong> </strong></span> 
     </span>
    </p>
   </div>
  </div>
 </body>
</html>
