1330 1932
453 107 675 141 AENEIDOS
698 107 786 142 LIB.
813 108 874 142 VI.
1151 111 1220 142 225

103 175 298 219 Purpureos
315 186 475 220 spargam
491 175 600 216 flores,
617 175 838 218 animamque
855 175 990 228 nepotis

104 221 170 254 His
187 221 310 254 saltem
327 221 544 254 accumulem
561 220 669 263 donis,
687 224 722 253 et
738 220 892 263 fungar
882 221 980 253 mani

103 265 260 300 Munere.
263 265 282 281 ”
331 266 387 300 Sic
403 269 478 299 tota
493 265 623 309 passim
639 264 778 315 regione
795 268 970 307 vagantur

103 310 230 344 Aeris
220 321 258 342 111
275 310 405 354 campis
421 309 513 352 latis,
530 313 635 352 atque
651 309 767 342 omnia
783 309 944 342 lustrant.

105 355 190 396 Quae
207 359 391 399 postquam
407 355 575 387 Anchises
592 358 716 387 natum
732 366 794 397 per
810 354 948 397 singula
965 354 1085 398 duxit‚'

105 400 334 444 Incenditque
351 400 507 433 animum
522 400 626 432 famae
642 399 814 433 venientis
831 411 946 433 amore
961 412 968 434 t
1156 402 1223 434 890

105 446 198 479 Exin
213 445 305 479 bella
321 446 394 478 viro
410 448 579 478 memorat
596 455 673 488 quae
691 445 816 478 deinde
832 446 992 488 gerenda,

104 491 364 534 Laurentesque
380 490 480 523 docet
496 490 651 534 populos,
667 490 858 534 urbemque
874 491 1015 532 Latini;

105 536 152 569 Et
168 547 236 580 quo
253 547 424 580 quemque
440 535 542 568 modo
557 535 742 579 fugiatque
757 535 915 580 feratque
932 536 1092 571 laborem.

151 581 243 615 Sunt
259 581 405 625 geminae
423 580 542 614 Somni
557 585 688 624 portae:
714 592 863 624 quarum
879 582 990 616 altera.
1005 583 1118 616 fertur

107 627 248 670 Cornea,
265 638 334 670 qua
350 626 439 659 veris
455 626 568 659 facih's
586 626 690 659 datur
706 627 822 659 exitus
839 627 994 669 umbris;

106 672 227 705 Altera
244 672 408 705 candenti
424 671 578 715 perfecta
594 672 710 704 nitens
727 672 913 715 elephanto
929 685 937 713 ;

107 716 175 750 Sed
191 717 279 750 falsa
294 717 340 750 ad
357 717 483 750 coelum
498 717 648 750 mittunt
664 717 836 750 insomnia
850 729 979 752 manes.

108 763 174 795 His
190 762 252 796 ubi
267 766 345 795 tum
360 766 485 795 natum
501 762 669 795 Anchises
685 774 824 806 unaque
841 762 1010 806 Sibyllam

107 808 333 851 Prosequitur
349 807 461 850 dictis,
478 810 648 850 portaque
664 808 796 840 emittit
813 807 945 842 eburna
961 821 969 842 ;

108 852 174 886 Ille
189 853 282 886 viam
299 856 391 886 secat
407 852 453 885 ad
469 863 574 885 naves
591 853 766 896 sociosque
781 853 911 887 revisit.
1159 856 1227 887 900

108 898 198 931 Tum
215 909 250 931 se
265 898 310 931 ad
328 898 454 931 Caietae
470 902 564 931 recto
580 898 649 931 fert
665 898 778 931 limite
796 902 945 942 portum.

110 943 244 977 Ancora
260 943 303 977 de
318 954 420 988 prora
431 943 585 987 jacitur-3
610 947 706 977 stant
722 944 823 977 litore
838 955 982 988 puppes,
