1345 1927
356 205 400 241 P.
429 203 698 240 VIRGILII
737 200 1016 238 MARONIS

239 311 1130 376 GEORGICON

444 441 634 475 LIBER
672 440 918 475 PRIMUS.

371 552 432 582 AD
451 552 681 584 C-CILNIUM
702 552 989 583 MAECENATEM.

594 642 766 651 mam-nuw-

167 705 265 747 QUID
283 706 392 739 faeiat
408 706 506 740 laetas
524 709 665 750 segetes,
684 718 750 750 quo
768 706 878 740 sidere
894 710 1023 740 terram

120 749 273 794 Vertere,
292 752 474 795 Maeeenas,
491 753 665 796 ulmisque
682 753 874 795 adjungere
890 753 979 785 vites

121 779 332 833 Conveniat:
356 809 434 842 quae
453 810 535 832 eura
550 798 665 841 boum,
683 799 743 842 qui
760 799 876 831 cultus
892 797 1051 832 habendo

120 843 173 876 Sit
190 844 327 887 peeori;
352 845 475 888 apibus
493 848 625 888 quanta
642 844 857 888 experientia
874 844 986 888 parcis

120 888 214 922 Hinc
232 901 354 923 canere
370 890 544 934 incipiam.
587 890 664 933 Vos,
682 901 701 923 ο
718 890 818 923 elaris
806 890 907 922 <sima
923 857 1047 923 mutidi

119 934 277 979 Lumina,
295 935 470 969 labentem
487 936 571 969 coelo
589 947 666 979 quae
685 936 812 969 ducitis
829 947 970 979 annum,

118 980 221 1014 Liber
237 986 272 1015 et
289 981 381 1015 alma
399 982 507 1024 Ceres,
524 986 637 1015 vestro
655 982 681 1015 si
697 993 843 1014 munere
860 981 964 1015 tellus

119 1026 310 1061 Chaoniam
326 1028 449 1072 pingui
466 1028 630 1072 glandem
645 1027 797 1061 mutavit
813 1027 929 1071 arista,

118 1071 344 1117 Poeulaque
335 1075 486 1107 inventis
502 1074 671 1107 Acheloia
686 1073 827 1107 miscuit
843 1074 943 1114 uvis;

118 1117 165 1152 Et
183 1131 252 1162 vos,
270 1124 447 1164 agrestum
463 1120 649 1164 praesentia
665 1120 820 1162 numina,
839 1119 962 1163 Fauni,
1197 1120 1241 1153 10

117 1164 220 1199 Ferte
238 1166 341 1199 simu]
358 1165 541 1210 Faunique
557 1166 681 1210 pedem
697 1165 920 1210 Dryadesque
937 1165 1064 1210 puellae
1078 1176 1086 1199 τ

117 1210 267 1245 Munera
283 1216 398 1245 vestra
415 1223 520 1246 cano:
546 1216 655 1256 tuque
672 1223 700 1254 ο,
718 1212 775 1244 em·
791 1212 903 1256 prima
919 1211 1126 1245 frementem

117 1256 227 1290 Fudit
244 1269 373 1302 equum
388 1269 515 1301 magno
532 1257 636 1291 tellus
653 1269 814 1302 pereussa
831 1257 986 1299 tridenti,

117 1302 303 1347 Neptune:
329 1308 364 1337 et
382 1303 495 1337 cultor
510 1315 701 1345 nemorum,
719 1304 776 1336 cui
792 1303 939 1348 pinguia
956 1303 1032 1337 Ceae

117 1347 183 1382 Ter
199 1353 341 1383 centum
356 1349 450 1382 nivei
467 1350 614 1383 tondent
631 1350 800 1383 dumeta
785 1349 947 1393 juvenci:

118 1394 197 1439 Ipse
213 1407 336 1428 nemus
352 1396 514 1439 linquens
531 1396 688 1440 patrium
705 1395 884 1439 saltusque
900 1395 1026 1441 Lycaei,

116 1439 201 1483 Pan,
220 1441 337 1475 ovium
354 1446 478 1484 custos,
495 1446 559 1475 tua
575 1442 604 1475 si
621 1441 686 1474 tibi
702 1441 855 1475 Maenala
871 1453 974 1485 eurae,

115 1468 229 1530 Adsis,
246 1499 265 1520 o
283 1487 437 1532 Tegeaee,
453 1488 598 1529 favens3
623 1487 776 1531 oleaeque
793 1488 952 1522 Minerva

117 1532 325 1574 Inventrix3
349 1534 502 1578 uncique
519 1545 607 1578 puer
621 1537 832 1567 monstrator
847 1534 978 1574 aratri,

115 1578 162 1612 Et
179 1583 335 1613 teneram
352 1579 396 1613 ab
411 1580 527 1613 radice
543 1580 667 1622 serem,
684 1579 833 1623 Silvam,
851 1590 1074 1624 cupressum:
1192 1580 1239 1614 20

115 1624 229 1669 Dique
247 1625 389 1669 deaeque
405 1637 532 1669 omnes,
550 1626 707 1659 studium
724 1625 849 1669 quibus
866 1637 950 1659 arva
965 1625 1068 1670 tueri,

117 1670 253 1715 Quique
269 1683 375 1705 novas
392 1672 486 1705 alitis
501 1683 571 1705 non
588 1671 660 1705 ullo
677 1671 805 1705 semine
821 1671 949 1715 fruges,

117 1715 252 1761 Quique
270 1718 352 1751 satis
369 1718 507 1762 largum
524 1717 608 1751 coelo
626 1717 811 1751 demittitis
828 1718 994 1751 imbrem.

115 1761 235 1808 Tuque
251 1763 346 1808 adeo,
364 1775 468 1809 quem
483 1776 565 1799 mox
583 1775 659 1808 quae
677 1764 748 1798 sint
763 1763 928 1798 habitura
944 1763 1087 1798 deorum
