1345 1927
134 66 200 98 234
445 63 482 97 Ρ.
508 63 711 98 VIRGILII
737 63 951 98 MARONIS

134 130 250 162 Aurea
267 129 463 173 pectoribus
480 130 628 165 demissa
644 132 788 165 monilia
805 131 960 176 pendent
975 143 982 171 ;

133 175 230 208 Tecti
247 186 341 218 auro,
358 175 496 209 fulvum
512 177 685 210 mandunt
702 176 766 210 sub
782 176 946 210 dentibus
963 187 1085 210 aurum
1103 189 1112 218 ;

133 220 279 253 Absenti
297 220 414 254 AEnese
433 232 573 255 currum
590 223 813 265 geminosque
825 222 964 265 jugales
1181 225 1249 257 280

133 265 271 299 Semine
288 265 331 299 ab
349 266 490 300 aetherio
508 267 678 311 spirantes
697 267 838 300 naribus
856 268 983 310 ignem,

135 310 280 344 Illorum
297 311 339 345 de
355 316 469 355 gente,
487 313 579 356 patri
597 324 681 357 quos
698 312 832 346 daedala
849 312 946 346 Circe

133 355 321 400 Supposita
337 357 380 390 de
395 362 506 391 matre
524 358 647 391 nothos
664 359 783 391 furata
800 358 940 391 creavit.

133 401 275 435 Talibus
294 402 457 436 AEneadae
474 403 572 436 donis
591 403 761 447 dictisque
779 403 896 436 Latini

132 446 303 480 Sublimes
321 448 358 481 in
375 448 471 492 equis
488 448 644 491 redeunt,
662 460 850 493 pacemque
867 451 1054 492 reportant.

179 492 268 526 Ecce
286 496 404 526 autem
423 493 575 526 Inachiis
593 505 664 527 sese
680 494 852 527 referebat
869 494 912 527 ab
929 494 1033 536 Argis

132 537 231 571 Saeva
247 538 347 571 Jovis
364 540 503 582 conjux,
520 550 690 582 aurasque
707 539 846 572 invecta
863 538 1025 579 tenebat;

131 583 177 616 Et
194 583 315 616 laetum
332 583 479 616 AEneam
495 583 706 627 classemque
723 596 766 617 ex
783 584 911 617 aethere
928 584 1031 627 longo

131 629 345 662 Dardaniam
363 629 479 662 Siculo
496 630 674 673 prospexit
691 629 735 663 ab
752 640 861 673 usque
879 629 1053 673 Pachyno.

131 674 249 707 Moliri
261 675 336 717 jam
353 678 446 708 tecta
463 675 567 714 videt,
580 676 656 718 jam
672 675 777 708 fidere
794 679 895 708 terrae
910 687 918 715 ;
1181 677 1250 709 290

130 718 329 753 Deseruisse
345 724 446 754 rates.
486 720 592 754 Stetit
609 721 680 753 acri
696 721 767 753 fixa
785 720 908 753 dolore.

131 765 220 798 Tum
237 777 402 809 quassans
419 770 536 810 caput,
554 766 628 799 haec
645 766 795 799 effundit
812 769 948 810 pectore
965 765 1079 799 dicta:

134 811 154 828 “
169 811 248 844 Heu
266 812 408 854 stirpem
426 811 586 851 invisam,
604 816 639 843 et
658 811 740 843 fatis
758 811 932 844 contraria
947 809 1075 844 nostris

130 853 158 887 F
161 858 220 888 ata
237 854 417 898 Phrygum
433 856 439 888 ἔ
466 866 552 887 num
570 855 681 898 Sigeis
699 855 899 888 occumbere
916 855 1058 898 campis,

131 899 227 932 Num
244 900 338 943 capti
355 903 498 944 potuere
515 901 594 944 capi
608 900 620 933 2
645 912 731 933 num
748 900 888 933 incensa
906 901 1074 933 cremavit

130 944 232 989 Troja
248 946 338 978 viros
352 946 364 978 2
389 946 520 979 medias
537 946 626 979 acies
644 946 842 989 mediosque
859 956 919 989 per
936 946 1034 988 ignes

131 990 299 1025 Invenere
315 991 418 1024 viam.
459 991 516 1034 At,
534 992 644 1034 credo,
662 1002 739 1024 mea
755 991 902 1024 numina
919 990 1063 1024 tandem

129 1036 234 1070 Fessa
245 1037 375 1080 jacent,
393 1036 480 1069 odiis
497 1041 560 1070 aut
578 1040 780 1070 exsaturata
797 1036 962 1080 quievi—

130 1081 224 1122 Quin
241 1082 347 1115 etiam
365 1083 479 1125 patria
496 1093 655 1115 excussos
672 1082 800 1115 infesta
817 1093 878 1125 per
894 1081 1006 1114 undas

128 1127 225 1161 Ausa
242 1127 349 1171 sequi,
367 1131 402 1161 et
419 1128 575 1171 profugis
593 1132 666 1161 toto
682 1139 737 1160 me
755 1138 925 1171 opponere
943 1129 1072 1170 ponto:
1178 1129 1248 1161 300

129 1172 308 1206 Absumtae
325 1173 362 1205 in
379 1173 526 1206 Teucros
544 1174 632 1206 vires
649 1173 795 1216 coelique
811 1173 995 1215 marisque.

130 1218 222 1259 Quid
240 1218 367 1262 Syrtes,
385 1223 447 1252 aut
464 1218 580 1262 Scylla
596 1218 694 1259 mihi,
712 1218 796 1261 quid
813 1222 913 1251 vasta
930 1216 1122 1260 Charybdis

128 1263 267 1297 Profuit
281 1263 293 1297 2
319 1267 438 1308 optato
455 1264 655 1297 conduntur
671 1263 856 1307 Thybridis
873 1262 981 1305 alveo,

128 1309 247 1343 Securi
264 1309 380 1354 pelagi
396 1314 501 1353 atque
517 1309 595 1343 mei.
636 1309 731 1342 Mars
749 1309 890 1353 perdere
906 1311 1048 1352 gentem

128 1355 323 1389 Immanem
340 1355 530 1399 Lapithum
547 1355 660 1388 valuit
675 1367 683 1395 ;
709 1354 877 1388 concessit
893 1354 931 1387 in
948 1354 1017 1387 iras

128 1401 211 1444 Ipse>
225 1400 330 1435 defim
345 1401 528 1444 antiquam
545 1401 682 1444 genitor
699 1400 876 1444 Calydona
892 1399 1035 1440 Dianae;

128 1446 227 1487 Quod
239 1447 349 1480 scelus
362 1450 424 1480 aut
431 1447 598 1491 Lapithas
611 1449 761 1488 tantum,
772 1449 835 1479 aut
847 1445 1024 1489 Calydona
1033 1445 1247 1482 merentem?

126 1491 193 1525 Ast
210 1504 282 1536 ego,
298 1503 427 1535 magna
443 1493 469 1526 J
471 1493 543 1526 ovis
561 1493 700 1536 conjux,
717 1491 769 1524 nil
786 1491 942 1535 linquere
958 1491 1123 1524 inausum

128 1537 213 1578 Quae
230 1538 329 1582 potui
345 1537 479 1581 infelix,
498 1549 574 1581 quae
591 1541 719 1571 memet
735 1537 772 1570 in
789 1537 906 1570 omnia
922 1536 1021 1579 verti,

128 1582 256 1617 Vineor
272 1583 316 1618 ab
335 1583 452 1617 AEnea.
502 1583 602 1625 Quod
619 1584 648 1616 si
664 1594 742 1616 mea
758 1582 905 1615 numina
921 1593 991 1616 non
1008 1584 1091 1615 sunt
1176 1583 1246 1614 310

127 1628 259 1672 Magna
287 1629 371 1662 satis
385 1641 392 1663 :
429 1628 587 1662 dubitem
617 1629 712 1663 haud
745 1628 907 1672 equidem
934 1626 1118 1671 implorare
1151 1626 1245 1671 quod

219 1686 259 1707 us
284 1686 367 1708 uam
384 1678 446 1708 est.

126 1686 283 1754 Flecterel
298 1721 327 1754 si
343 1731 476 1765 nequeo
494 1731 643 1764 superos,
661 1719 861 1753 Acheronta
876 1717 1028 1752 movebo.

1331 1450 1343 1481 ΙΙ
