1345 1927
91 47 158 79 202
393 45 431 80 P.
457 44 662 79 VIRGILII
687 43 902 79 MARONIS

91 113 284 157 Massylum
302 117 432 158 gentes,
449 117 688 158 praetentaque
705 113 864 157 Syrtibus
881 124 965 147 arva
979 124 990 155 ς
1166 115 1210 148 60

91 159 117 193 J
119 170 175 192 am
194 159 336 193 tandem
354 159 466 193 Italiae
483 159 652 203 fugientis
669 159 871 203 prendimus
888 169 973 193 orae.

92 204 169 238 Hac
186 204 334 248 Trojana
350 209 453 238 tenus
470 205 577 238 fuerit
593 205 735 238 fortuna
752 208 879 238 secuta.

92 249 161 283 Vos
179 261 314 294 quoque
331 250 529 294 Pergameae
541 251 616 294 jam
632 251 685 284 fas
702 254 754 283 est
771 261 910 293 parcere
927 249 1034 294 genti,

90 295 206 339 Dique
223 295 363 339 deaeque
380 307 506 338 omnes,
525 296 650 340 quibus
668 295 803 329 obstitit
822 296 927 329 Ilium
945 299 980 329 et
996 296 1119 340 ingens

92 341 210 375 Gloria
226 341 420 376 Dardaniae.
469 342 601 384 Tuque,
619 353 638 375 o
656 341 873 375 sanctissima
890 345 997 385 vates,

91 386 240 421 Praescia
257 388 407 430 venturi,
424 387 478 430 da,
496 399 565 420 non
582 387 739 420 indebita
756 398 857 430 posco

93 432 214 476 Regna
230 433 316 466 meis
332 433 425 475 fatis,
437 433 537 466 Latio
554 433 730 466 considere
747 433 904 475 Teucros,

91 477 325 522 Errantesque
342 478 421 511 deos
439 478 640 521 agitataque
656 478 803 511 numina
819 478 938 521 Trojae.

91 523 180 556 Tum
199 523 328 556 Phoebo
345 527 381 557 et
397 523 522 556 Triviae
540 523 647 556 solido
665 523 707 556 de
723 534 893 556 marmore
910 523 1082 568 templum

93 569 283 602 Instituam
300 568 475 612 festosque
492 569 565 601 dies
582 568 625 602 de
641 568 780 602 nomine
797 568 929 602 Phoebi.
1167 570 1211 603 70

92 614 140 648 Te
158 625 295 658 quoque
312 625 441 658 magna
457 618 601 647 manent
617 614 733 657 regnis
750 614 944 658 penetralia
959 615 1085 648 nostris
1099 627 1109 656 ;

93 659 162 693 Hic
180 671 242 703 ego
258 671 409 704 namque
426 664 504 693 tuas
522 663 628 693 sor-tes
645 670 842 703 arcanaque
858 660 944 704 fata,

92 705 198 739 Dicta
213 716 297 739 meae
314 705 422 749 genti,
439 716 576 749 ponam,
594 705 769 749 lectosque
787 705 936 749 sacrabo,

93 751 205 794 Alma,
223 752 322 785 viros.
363 751 471 784 Foliis
489 755 631 784 tantum
647 762 690 784 ne
707 751 862 784 carmina
877 751 1007 785 manda
1019 763 1030 792 ς

93 797 147 830 Ne
164 796 306 830 turbata
322 796 440 830 volent
456 796 587 840 rapidis
604 796 755 829 ludibria
772 796 885 829 ventis
899 808 906 830 :

96 842 177 886 Ipsa
194 853 306 882 canaS‚
325 841 413 875 oro.'’
462 842 583 875 Finem
602 841 698 874 dedit
715 851 772 873 ore
789 840 964 883 loquendi.

143 887 191 918 At
209 885 332 919 Phoebi
348 885 504 919 nondum
521 885 667 929 patiens,
684 885 846 918 immanis
863 885 900 918 in
917 890 1018 920 antro

95 931 293 964 Bacchatur
309 935 417 974 vates,
433 942 601 974 magnum
619 930 647 963 si
664 934 802 974 pectore
819 931 927 974 possit

95 976 296 1010 Excussisse
313 977 418 1010 deum
432 989 438 1010 :
463 981 564 1010 tanto
580 977 692 1020 magis
709 976 769 1009 ille
786 976 916 1019 fatigat

96 1022 141 1056 Os
157 1022 327 1065 rabidum,
344 1022 418 1055 fera
434 1022 537 1055 corda
554 1022 706 1065 domans,
723 1022 895 1066 fingitque
913 1022 1110 1066 premendo.
1170 1024 1215 1056 80

96 1068 194 1102 Ostia
205 1069 348 1112 jamque
365 1068 487 1101 domus
503 1072 652 1113 patuere·
664 1068 823 1111 ingentia
840 1073 983 1101 centurn

95 1113 226 1158 Sponte
243 1125 316 1157 sua,
334 1113 493 1157 vatisque
509 1113 628 1146 ferunt
644 1124 808 1157 responsa
823 1124 885 1157 per
901 1125 1003 1148 auras
1017 1125 1025 1148 ε

26 1160 33 1165 “
96 1160 115 1178 “
130 1159 157 1193 O
175 1160 318 1194 tandem
333 1159 469 1202 magnis
486 1159 601 1203 pelagi
619 1158 783 1192 defuncte
799 1159 956 1202 periclis!

94 1202 162 1236 Sed
179 1207 273 1236 terra
289 1203 448 1246 graviora
464 1206 618 1236 manent.
661 1202 706 1235 In
721 1213 830 1246 regna
847 1203 973 1237 Lavini

94 1248 306 1282 Dardanidae
323 1248 467 1282 venient
481 1260 490 1289 ;
513 1248 616 1281 mitte
633 1247 724 1281 hanc
741 1248 784 1281 de
802 1252 940 1292 pectore
958 1260 1077 1283 curam
1087 1261 1097 1291 ς

95 1293 162 1327 Sed
179 1305 249 1327 non
265 1297 302 1327 et
319 1294 452 1327 venisse
468 1293 596 1327 volent.
637 1293 746 1336 Bella,
764 1293 904 1328 horrida
918 1294 1021 1339 bella,

94 1339 141 1373 Et
158 1339 325 1383 Thybrim
341 1339 453 1372 multo
472 1343 693 1383 spumantem
711 1340 881 1383 sanguine
898 1351 1009 1374 cerno.

94 1385 173 1419 Non
192 1385 317 1419 Simois
334 1385 399 1418 tibi
415 1396 480 1418 nec
497 1385 669 1428 Xanthus,
686 1396 750 1418 nec
768 1385 893 1419 Dorica
910 1390 1025 1420 castra

94 1430 279 1464 Defuerint
293 1442 300 1464 :
326 1431 416 1464 alius
433 1430 533 1464 Latio
545 1431 621 1474 jam
637 1435 759 1474 partus
777 1431 940 1474 Achilles,

95 1476 210 1510 Natus
227 1480 262 1510 et
279 1477 352 1520 ipse
369 1476 434 1509 dea
448 1487 455 1510 ε
480 1487 545 1509 nec
561 1476 702 1509 Teucris
719 1476 841 1510 addita
857 1476 954 1510 Juno
1171 1479 1216 1511 90
1243 1478 1246 1480 ’

94 1522 252 1566 Usquam
269 1522 388 1555 aberit.
432 1522 548 1563 Quum
565 1526 606 1555 tu
624 1522 772 1566 supplex
788 1522 826 1554 in
842 1522 943 1556 rebus
961 1522 1078 1566 egenis

95 1568 188 1608 Quas
205 1570 326 1611 gentes
340 1567 472 1601 Italum
489 1571 550 1600 aut
568 1578 654 1611 quas
670 1579 741 1600 non
757 1568 906 1601 oraveris
922 1568 1044 1603 urbes!

95 1612 206 1646 Causa
222 1613 307 1646 mali
325 1613 417 1646 tanti
434 1614 563 1656 conjux
580 1613 709 1646 iterum
726 1613 866 1657 hospita
883 1613 1030 1655 Teucris,

94 1658 312 1702 Exterm‘que
328 1659 457 1692 iterum
474 1659 631 1692 thalami.

95 1703 148 1738 'ru
164 1715 208 1737 ne
225 1704 307 1738 cede
323 1704 424 1738 malis
437 1717 447 1746 3
473 1704 532 1738 sed
549 1708 670 1738 contra
686 1703 870 1738 audentior
886 1703 946 1748 ito,
