1345 1927
73 83 137 114 114
380 77 418 112 Ρ.
445 76 650 112 VIRGILII
675 75 846 111 MARON
849 75 892 110 IS

73 151 114 183 In
131 149 278 193 vulgum
295 147 485 191 ambiguas,
502 151 538 180 et
555 157 709 191 quaerere
725 145 882 179 conscius
898 155 1004 178 arma.

72 196 103 229 N
106 207 144 229 ec
161 195 331 239 requievit
349 194 452 237 enim,
469 193 577 226 donec
595 192 783 226 Calchante
799 191 1006 224 ministro—
1127 189 1194 221 100

46 280 51 281 ⁷
71 241 139 276 Sed
156 241 240 285 quid
257 251 320 284 ego
337 239 412 273 haec
429 243 548 273 autem
564 237 801 282 nequidquam
818 236 959 280 ingrata
975 234 1114 269 revolvo
1128 234 1140 268 2

73 287 208 328 Quidve
224 297 346 329 moror,
364 286 392 318 si
409 296 526 318 omnes
543 295 613 317 uno
630 283 750 317 ordine
766 282 901 316 habetis
919 282 1078 324 Achivos,

74 333 186 377 quue
203 332 324 365 audire
342 336 395 364 sat
412 336 464 364 est
478 330 490 364 3
511 329 721 374 jamdudum
739 328 865 362 sumite
882 339 1001 372 poenas
1016 340 1022 361 :

73 379 149 412 Hoc
168 378 312 412 Ithacus
329 377 423 419 velit,
441 381 476 410 et
492 387 620 419 magno
636 379 834 408 mercentur
850 373 1003 408 Atridae!

7 438 10 439 ⁷
72 424 161 457 Tum
179 435 258 458 vero
275 423 435 461 ardemus
453 422 571 455 scitari
589 426 624 454 et
640 431 792 464 quaerere
810 431 941 462 causas,

74 470 196 514 Ignari
213 469 381 502 scelerum
398 472 577 501 tantorum
593 467 747 510 artisque
764 465 929 508 Pelasgae.

73 515 300 559 Prosequitur
316 514 488 558 pavitans,
506 517 541 545 et
557 512 638 545 ficto
656 516 793 556 pectore
809 511 916 544 fatur.

120 563 140 580 “
157 563 166 579 ‘
177 562 274 603 Saepe
290 560 412 603 fugam
429 559 543 591 Danai
560 558 664 601 'rr0Ja
680 557 817 600 cupiere
832 559 954 592 relicta

73 603 202 646 Moliri,
219 607 255 636 et
271 603 374 646 longo
391 602 471 635 fessi
489 602 663 634 discedere
682 601 779 634 bello.

74 649 319 693 Fecissentque
336 648 474 682 utinam
488 649 494 681 !
523 659 613 691 saepe
629 647 706 680 illos
723 657 845 690 aspera
860 646 960 690 ponti
1131 647 1195 678 110

74 695 278 728 Interclusit
295 694 415 736 hiems,
433 697 469 727 et
485 693 612 726 terruit
629 697 746 726 auster
763 697 895 725 euntes.

74 740 263 784 Praecipue,
282 752 391 784 quum
403 741 479 783 jam
495 739 553 772 hic
570 736 726 772 trabibus
744 742 929 771 contextus
946 737 1080 772 acernis

74 786 190 820 Staret
207 798 325 830 equus,
343 790 416 819 toto
434 789 625 818 sonuerunt
642 784 770 818 aethere
786 783 907 816 nimbi.

74 831 239 876 Suspensi
256 831 476 875 Eurypylum
493 831 658 864 scitatum
675 830 813 863 oracula
830 828 952 863 Phoebi

74 877 252 911 Mittimus
266 889 275 918 ;
299 878 396 921 isque
413 877 529 920 adytis
545 876 620 909 haec
636 876 752 909 tristia
769 875 864 909 dicta
880 878 1056 919 reportat:

74 923 251 967 Sanguine
268 923 432 967 placastis
449 927 570 956 ventos
587 926 622 955 et
638 922 773 965 virgine
790 932 887 964 caesa,

76 969 191 1010 Quum
208 969 359 1013 primum
378 969 502 1001 iliacas
519 968 633 1001 Danai
650 967 793 1001 venistis
809 967 854 1000 ad
872 977 968 1000 oras:

75 1015 252 1058 Sanguine
269 1014 447 1059 quaerendi
463 1014 606 1057 reditus,
623 1014 809 1057 animaque
825 1012 1001 1046 litandum

74 1061 246 1104 Argolica.
294 1060 401 1104 Vulgi
419 1071 496 1104 quae
514 1071 582 1093 vox
598 1064 640 1093 ut
656 1059 753 1093 venit
769 1059 814 1092 ad
831 1070 941 1100 aures,

76 1106 293 1150 Obstupuere
310 1106 444 1149 animis,
462 1105 667 1149 gelidusque
683 1117 744 1150 per
760 1105 831 1138 ima
847 1104 1001 1137 cucurrit
1131 1105 1195 1136 120

76 1152 161 1186 Ossa
177 1152 313 1195 tremor,
331 1152 389 1185 cui
405 1152 480 1185 fata
496 1156 629 1196 parent,
647 1162 751 1195 quem
767 1155 886 1195 poscat
903 1149 1036 1194 Apollo.

75 1198 144 1231 Hic
162 1197 306 1231 Ithacus
323 1201 439 1231 vatem
455 1208 582 1240 magno
599 1197 790 1230 Calchanta
806 1195 964 1229 tumultu

75 1243 254 1277 Protrahit
270 1244 307 1276 in
324 1243 454 1276 medios
469 1255 477 1283 ;
503 1253 579 1286 quae
597 1243 667 1275 sint
685 1254 724 1276 ea
739 1242 887 1275 numina
904 1241 1036 1284 divum,

75 1290 103 1323 F
104 1289 240 1333 lagitat.
289 1288 336 1323 Et
352 1289 440 1322 mihi
452 1290 528 1332 jam
544 1288 650 1321 multi
667 1288 806 1321 crudele
823 1286 997 1321 canebant

74 1335 229 1369 Artificis
246 1334 366 1378 scelus,
385 1339 421 1368 et
437 1335 537 1368 taciti
554 1338 702 1368 ventura
719 1333 895 1368 videbant.

74 1381 134 1414 Bis
151 1381 271 1425 quinos
289 1380 369 1414 silet
385 1380 444 1414 ine
461 1381 543 1423 dies,
561 1384 744 1424 tectusque
760 1382 898 1413 recusat

74 1427 222 1460 Prodere
239 1437 321 1460 voce
338 1437 401 1459 sua
417 1437 637 1470 quemquam,
654 1430 716 1459 aut
733 1436 904 1470 opponere
919 1424 1032 1458 morti.

74 1472 146 1506 Vix
162 1472 305 1506 tandem
321 1473 457 1515 magnis
475 1471 591 1505 Ithaci
608 1471 814 1505 clamoribus
831 1474 940 1514 actus,

74 1518 270 1562 Composito
286 1518 420 1562 rumpit
437 1529 564 1560 vocem,
583 1522 617 1551 et
633 1529 689 1551 me
706 1517 860 1550 destinat
876 1527 957 1550 arae.

73 1564 257 1597 Assensere
274 1575 392 1596 omnes
406 1575 414 1604 ;
439 1567 484 1607 et,
501 1575 580 1607 quae
597 1562 663 1597 sibi
679 1563 825 1607 quisque
841 1561 997 1605 timebat,
1128 1562 1194 1594 130

73 1609 188 1643 Unius
205 1610 242 1642 in
257 1609 375 1642 miseri
391 1609 541 1642 exitium
558 1620 721 1643 conversa
737 1609 858 1643 tulere.

73 1655 226 1699 Jamque
242 1655 315 1688 dies
331 1655 477 1688 infanda
493 1655 613 1688 aderat
627 1667 636 1696 3
660 1655 748 1688 mihi
765 1665 862 1689 sacra.
877 1653 1001 1698 parari,

73 1701 122 1735 Et
139 1701 238 1734 salsae
254 1701 382 1744 fruges,
399 1704 434 1734 et
451 1701 582 1734 circum
598 1704 754 1745 tempora
771 1701 878 1735 vittae.

71 1745 207 1791 Eripui‚
223 1746 343 1790 fateor,
359 1746 430 1781 leto
445 1758 511 1790 me,
528 1751 564 1781 et
579 1747 721 1781 vincula
736 1746 816 1791 rupi
829 1758 839 1787 ;
