1320 1932
384 99 601 134 AENEIDOS
630 99 720 133 LIB.
747 99 847 133 VIII.
1108 102 1176 135 259

56 166 82 201 J
83 178 139 200 am
156 171 234 201 tum
249 166 370 210 religio
387 166 530 211 pavidos
546 165 698 200 terrebat
715 170 866 209 agrestes

55 212 141 246 Dira
157 212 224 245 loci
237 225 246 253 ;
266 214 341 256 jam
357 216 435 245 tum
452 212 575 245 silvam
591 222 784 255 saxumque
801 211 1006 246 tremebant.
1108 216 1176 247 350

56 257 132 291 Hoc
149 269 281 300 nemus,
298 257 402 300 hunc,
419 257 545 301 inquit,
561 257 722 290 frondoso
739 257 867 290 vertice
884 257 1053 291 collem—

56 302 141 344 Quis
158 303 252 346 deuS,
269 304 440 336 incertum
457 302 694 335 est—habitat
711 302 796 335 deus
813 315 821 344 ;
846 303 998 336 Arcades
1014 304 1130 347 ipsum

55 347 210 382 Credunt
227 360 262 381 se
278 348 404 381 vidisse
421 348 446 381 J
448 359 556 391 ovem,
575 359 682 391 quum
699 359 789 392 saepe
806 348 1005 391 nigrantem

54 393 183 437 AEgida
200 397 400 427 concuteret
417 393 543 427 dextra
558 393 762 437 nimbosque
779 394 894 427 cieret.

55 438 141 472 Haec
158 439 227 472 duo
244 444 410 483 praeterea
427 439 579 482 disjectis
596 439 724 482 oppida
740 440 858 482 muris,

59 484 234 528 Reliquias
251 489 476 528 veterumque
493 484 588 517 vides
606 489 832 517 monumenta
849 485 1011 519 virorum.

55 529 156 563 Hanc
173 530 288 563 Janus
304 534 412 574 pater,
430 530 520 563 hanc
537 529 709 563 Saturnus
726 530 882 563 condidit
898 542 1013 564 arcem
1028 543 1034 565 :

53 575 80 608 J
80 575 260 608 aniculum
276 575 370 619 huic,
387 575 441 608 illi
457 576 573 608 fuerat
589 575 754 610 Saturnia
770 571 924 609 nomen.”

53 620 196 654 Talibus
212 621 304 654 inter
321 632 355 654 se
372 621 475 653 dictis
492 621 536 654 ad
554 624 647 654 tecta
664 620 829 654 subibant

59 665 222 710 Pauperis
239 666 404 709 Evandri,
420 667 617 710 passimque
634 671 791 700 armenta
808 666 973 700 videbant
1104 670 1172 702 360

59 711 278 755 Romanoque
294 711 366 745 foro
383 716 418 744 et
434 711 540 745 lautis
556 712 691 755 mugire
708 712 849 745 Casinis.

58 757 103 791 Ut
119 761 262 791 ventum
280 758 324 790 ad
342 758 448 798 sedes,
467 757 486 774 ‘⁶
503 756 618 798 Haec,'’
635 756 762 799 inquit,
779 756 934 791 “limina
952 757 1063 791 victor

54 800 192 833 Alcides
210 799 317 833 subiit
330 812 339 840 ;
363 800 440 832 haec
456 799 558 832 illum
573 799 670 843 regia
686 800 787 843 cepit.

53 845 163 888 Aude,
180 846 311 889 hospes,
329 849 546 878 contemnere
563 856 652 888 opeS,
670 848 705 878 et
721 849 756 878 te
773 855 910 889 quoque
926 845 1073 889 dignum

53 890 163 934 Finge
180 891 259 924 deo:
284 891 453 934 rebusque
470 891 550 923 veni
567 902 636 923 non
652 901 752 934 asper
768 890 916 933 egenis.”

50 936 162 979 Dixit,
179 940 215 969 et
231 936 374 979 angusti
390 936 508 969 subter
524 936 667 979 fastigia
683 936 771 969 tecti

53 981 237 1025 Ingentem
253 982 389 1015 AEnean
405 982 518 1024 duxit,
536 982 721 1025 stratisque
738 981 866 1015 locavit

52 1027 224 1060 Effultum
241 1027 333 1060 foliis
349 1031 385 1061 et
400 1027 491 1074 pelle
508 1027 696 1071 Libystidis
713 1038 812 1060 ursae.

97 1073 178 1106 Nox
193 1072 275 1116 ruit,
293 1077 328 1106 et
343 1073 449 1106 fuscis
466 1073 627 1106 tellurem
644 1072 869 1116 amplectitur
885 1073 959 1106 alis.

52 1117 101 1151 At
118 1118 236 1151 Venus
252 1118 348 1151 haud
364 1119 480 1152 animo
495 1118 733 1162 nequidquam
749 1118 917 1152 exterrita
933 1121 1053 1161 mater,
1100 1121 1168 1153 370

51 1163 335 1207 Laurentumque
351 1164 454 1196 minis
471 1167 506 1197 et
523 1164 610 1197 duro
625 1168 720 1197 mota
736 1164 904 1206 tumultu,

52 1208 252 1242 Vulcanum
267 1209 465 1258 alloquitur,
482 1209 705 1253 thalamoque
722 1209 796 1242 haec
812 1210 969 1253 conjugis
986 1221 1089 1243 aureo

53 1253 193 1299 Incipit,
210 1258 245 1288 et
262 1254 363 1288 dictis
381 1255 540 1287 divinum
556 1255 687 1298 aspirat
704 1266 854 1287 amorem
868 1267 876 1288 2

54 1300 178 1332 “Dum
194 1299 283 1333 bello
300 1300 453 1343 Argolici
470 1299 655 1332 vastabant
673 1299 843 1340 Pergama
860 1309 957 1342 reges

0 1354 1 1358 ¹
51 1344 178 1378 Debita
195 1355 401 1388 casurasque
417 1343 566 1376 inimicis
583 1343 722 1387 ignibus
738 1354 843 1386 arces,

51 1389 85 1422 N
86 1401 130 1422 on
147 1389 260 1422 ullum
277 1389 450 1422 auxilium
466 1389 607 1431 miseris,
625 1400 694 1421 non
711 1400 808 1421 arma
823 1388 944 1431 rogavi

51 1434 146 1468 Artis
163 1435 305 1479 opisque
323 1439 392 1467 tuae
408 1447 416 1474 ;
440 1445 504 1467 nec
521 1438 566 1477 te,
583 1434 756 1467 carissime
773 1435 911 1477 conjux,

51 1479 274 1513 Incassumve
291 1485 368 1513 tuos
385 1479 480 1512 volui
497 1491 654 1513 exercere
670 1479 802 1512 labores
818 1491 825 1512 2

52 1525 216 1566 Quamvis
234 1531 269 1558 et
286 1525 416 1559 Priami
433 1524 591 1558 deberem
607 1525 758 1569 plurima
775 1524 876 1567 natis,

51 1570 97 1604 Et-
114 1571 240 1604 durum
257 1571 378 1604 AEneae
395 1571 563 1603 flevissem
581 1581 670 1614 saepe
686 1570 847 1603 laborem.
1101 1573 1165 1605 38(

50 1615 84 1649 N
86 1628 153 1649 unc
170 1617 196 1650 J
197 1617 269 1650 ovis
286 1617 438 1660 imperiis
457 1616 667 1649 Rutulorum
684 1616 841 1649 constitit
858 1615 924 1648 oris
939 1627 945 1649 :

50 1661 142 1705 Ergo
159 1662 279 1695 eadem
296 1662 444 1706 supplex
461 1662 571 1705 venio,
588 1665 623 1694 et
640 1666 800 1694 sanctum
815 1661 904 1694 mihi
920 1672 1051 1694 numen

137 1719 158 1740 a
174 1719 264 1751 rogo,
282 1707 443 1750 genetrix
460 1711 552 1740 nato.
601 1707 649 1740 Te
664 1707 738 1740 filia
754 1707 867 1749 Nerei,

51 1752 98 1786 Te
114 1753 230 1797 potuit
246 1753 397 1787 lacrimis
414 1753 578 1786 Tithonia
593 1752 729 1786 flectere
747 1754 885 1796 conjux,
