<?xml version="1.0" encoding="UTF-8"?>
<!DOCTYPE html PUBLIC "-//W3C//DTD XHTML 1.0 Transitional//EN"
    "http://www.w3.org/TR/xhtml1/DTD/xhtml1-transitional.dtd">
<html xmlns="http://www.w3.org/1999/xhtml" xml:lang="en" lang="en">
 <head>
  <title>
</title>
<meta http-equiv="Content-Type" content="text/html;charset=utf-8" />
  <meta name='ocr-system' content='tesseract 3.04.00' />
  <meta name='ocr-capabilities' content='ocr_page ocr_carea ocr_par ocr_line ocrx_word'/>
</head>
<body>
  <div class='ocr_page' id='page_1' title='image "./operaomnia00virguoft/operaomnia00virguoft_0190.png"; bbox 0 0 1345 1927; ppageno 0'>
   <div class='ocr_carea' id='block_1_1' title="bbox 98 77 916 116">
    <p class='ocr_par' dir='ltr' id='par_1_1' title="bbox 98 77 916 116">
     <span class='ocr_line' id='line_1_1' title="bbox 98 77 916 116; baseline -0.006 0"><span class='ocrx_word' id='word_1_1' title='bbox 98 84 164 116; x_wconf 80' lang='lat'>182</span> <span class='ocrx_word' id='word_1_2' title='bbox 406 80 444 115; x_wconf 90' lang='lat' dir='ltr'>P.</span> <span class='ocrx_word' id='word_1_3' title='bbox 470 78 675 114; x_wconf 82' lang='lat' dir='ltr'>VIRGILII</span> <span class='ocrx_word' id='word_1_4' title='bbox 701 77 916 112; x_wconf 86' lang='lat' dir='ltr'>MARONIS</span> 
     </span>
    </p>
   </div>
   <div class='ocr_carea' id='block_1_2' title="bbox 97 145 1105 1800">
    <p class='ocr_par' dir='ltr' id='par_1_2' title="bbox 97 145 978 239">
     <span class='ocr_line' id='line_1_2' title="bbox 97 145 978 193; baseline -0.003 -11"><span class='ocrx_word' id='word_1_5' title='bbox 97 149 145 182; x_wconf 87' lang='lat' dir='ltr'>Et</span> <span class='ocrx_word' id='word_1_6' title='bbox 162 151 262 193; x_wconf 80' lang='lat' dir='ltr'>pater</span> <span class='ocrx_word' id='word_1_7' title='bbox 278 148 352 192; x_wconf 89' lang='lat' dir='ltr'>ipse</span> <span class='ocrx_word' id='word_1_8' title='bbox 368 159 476 181; x_wconf 85' lang='lat' dir='ltr'>manu</span> <span class='ocrx_word' id='word_1_9' title='bbox 493 157 622 190; x_wconf 84' lang='lat' dir='ltr'>magna</span> <span class='ocrx_word' id='word_1_10' title='bbox 639 145 816 180; x_wconf 72' lang='lat' dir='ltr'><strong>Portunus</strong></span> <span class='ocrx_word' id='word_1_11' title='bbox 833 149 978 179; x_wconf 87' lang='lat' dir='ltr'>euntem</span> 
     </span>
     <span class='ocr_line' id='line_1_3' title="bbox 99 192 955 239; baseline -0.005 -11"><span class='ocrx_word' id='word_1_12' title='bbox 99 194 258 239; x_wconf 79' lang='lat' dir='ltr'>Impulit.</span> <span class='ocrx_word' id='word_1_13' title='bbox 301 194 368 228; x_wconf 83' lang='lat' dir='ltr'>Illa</span> <span class='ocrx_word' id='word_1_14' title='bbox 383 198 466 227; x_wconf 89' lang='lat' dir='ltr'>noto</span> <span class='ocrx_word' id='word_1_15' title='bbox 483 194 587 226; x_wconf 88' lang='lat' dir='ltr'>citius</span> <span class='ocrx_word' id='word_1_16' title='bbox 604 192 806 235; x_wconf 86' lang='lat' dir='ltr'>volucrique</span> <span class='ocrx_word' id='word_1_17' title='bbox 824 192 955 235; x_wconf 84' lang='lat' dir='ltr'>sagitta.</span> 
     </span>
    </p>

    <p class='ocr_par' dir='ltr' id='par_1_3' title="bbox 99 238 917 284">
     <span class='ocr_line' id='line_1_4' title="bbox 99 238 917 284; baseline -0.005 -10"><span class='ocrx_word' id='word_1_18' title='bbox 99 241 154 274; x_wconf 86' lang='lat' dir='ltr'>Ad</span> <span class='ocrx_word' id='word_1_19' title='bbox 171 245 301 274; x_wconf 87' lang='lat' dir='ltr'>terram</span> <span class='ocrx_word' id='word_1_20' title='bbox 316 240 420 284; x_wconf 81' lang='lat' dir='ltr'>fugit,</span> <span class='ocrx_word' id='word_1_21' title='bbox 438 244 473 273; x_wconf 91' lang='lat' dir='ltr'>et</span> <span class='ocrx_word' id='word_1_22' title='bbox 489 243 593 283; x_wconf 89' lang='lat' dir='ltr'>portu</span> <span class='ocrx_word' id='word_1_23' title='bbox 611 249 646 271; x_wconf 83' lang='lat' dir='ltr'>se</span> <span class='ocrx_word' id='word_1_24' title='bbox 662 238 819 271; x_wconf 83' lang='lat' dir='ltr'>condidit-</span> <span class='ocrx_word' id='word_1_25' title='bbox 836 238 917 271; x_wconf 89' lang='lat' dir='ltr'>alto.</span> 
     </span>
    </p>

    <p class='ocr_par' dir='ltr' id='par_1_4' title="bbox 99 283 1104 697">
     <span class='ocr_line' id='line_1_5' title="bbox 99 283 970 327; baseline -0.005 -7"><span class='ocrx_word' id='word_1_26' title='bbox 99 286 189 320; x_wconf 81' lang='lat' dir='ltr'>Tum</span> <span class='ocrx_word' id='word_1_27' title='bbox 207 290 303 320; x_wconf 87' lang='lat' dir='ltr'>satus</span> <span class='ocrx_word' id='word_1_28' title='bbox 320 286 483 327; x_wconf 83' lang='lat' dir='ltr'>Anchisa,</span> <span class='ocrx_word' id='word_1_29' title='bbox 501 285 638 318; x_wconf 86' lang='lat' dir='ltr'>cunctis</span> <span class='ocrx_word' id='word_1_30' title='bbox 655 295 699 317; x_wconf 86' lang='lat' dir='ltr'>ex</span> <span class='ocrx_word' id='word_1_31' title='bbox 717 295 810 317; x_wconf 87' lang='lat' dir='ltr'>more</span> <span class='ocrx_word' id='word_1_32' title='bbox 828 283 970 326; x_wconf 82' lang='lat' dir='ltr'>vocatis,</span> 
     </span>
     <span class='ocr_line' id='line_1_6' title="bbox 100 329 932 376; baseline -0.005 -10"><span class='ocrx_word' id='word_1_33' title='bbox 100 332 277 366; x_wconf 77' lang='lat' dir='ltr'>Victorem</span> <span class='ocrx_word' id='word_1_34' title='bbox 292 343 421 376; x_wconf 84' lang='lat' dir='ltr'>magna</span> <span class='ocrx_word' id='word_1_35' title='bbox 437 331 603 375; x_wconf 86' lang='lat' dir='ltr'>praeconis</span> <span class='ocrx_word' id='word_1_36' title='bbox 621 342 702 364; x_wconf 86' lang='lat' dir='ltr'>voce</span> <span class='ocrx_word' id='word_1_37' title='bbox 721 329 932 363; x_wconf 83' lang='lat' dir='ltr'><strong>Cloanthum</strong></span> 
     </span>
     <span class='ocr_line' id='line_1_7' title="bbox 99 375 933 421; baseline -0.005 -9"><span class='ocrx_word' id='word_1_38' title='bbox 99 378 275 421; x_wconf 85' lang='lat' dir='ltr'>Declarat‚</span> <span class='ocrx_word' id='word_1_39' title='bbox 292 378 466 421; x_wconf 79' lang='lat' dir='ltr'>viridique</span> <span class='ocrx_word' id='word_1_40' title='bbox 483 376 624 410; x_wconf 83' lang='lat' dir='ltr'>advelat</span> <span class='ocrx_word' id='word_1_41' title='bbox 641 381 798 420; x_wconf 87' lang='lat' dir='ltr'>tempora</span> <span class='ocrx_word' id='word_1_42' title='bbox 815 375 933 416; x_wconf 82' lang='lat' dir='ltr'>lauro3</span> 
     </span>
     <span class='ocr_line' id='line_1_8' title="bbox 100 422 954 468; baseline -0.005 -10"><span class='ocrx_word' id='word_1_43' title='bbox 100 424 322 468; x_wconf 82' lang='lat' dir='ltr'>Muneraque</span> <span class='ocrx_word' id='word_1_44' title='bbox 339 424 376 456; x_wconf 90' lang='lat' dir='ltr'>in</span> <span class='ocrx_word' id='word_1_45' title='bbox 394 434 500 456; x_wconf 81' lang='lat' dir='ltr'>naves</span> <span class='ocrx_word' id='word_1_46' title='bbox 517 427 633 456; x_wconf 86' lang='lat' dir='ltr'>ternos</span> <span class='ocrx_word' id='word_1_47' title='bbox 651 427 771 466; x_wconf 82' lang='lat' dir='ltr'>optare</span> <span class='ocrx_word' id='word_1_48' title='bbox 784 422 954 464; x_wconf 82' lang='lat' dir='ltr'>juvencos</span> 
     </span>
     <span class='ocr_line' id='line_1_9' title="bbox 102 467 1054 513; baseline -0.004 -10"><span class='ocrx_word' id='word_1_49' title='bbox 102 470 273 513; x_wconf 87' lang='lat' dir='ltr'>Vinaque,</span> <span class='ocrx_word' id='word_1_50' title='bbox 291 474 326 503; x_wconf 91' lang='lat' dir='ltr'>et</span> <span class='ocrx_word' id='word_1_51' title='bbox 344 469 482 513; x_wconf 81' lang='lat' dir='ltr'>argenti</span> <span class='ocrx_word' id='word_1_52' title='bbox 498 479 667 511; x_wconf 88' lang='lat' dir='ltr'>magnum</span> <span class='ocrx_word' id='word_1_53' title='bbox 685 467 746 500; x_wconf 81' lang='lat' dir='ltr'>dat</span> <span class='ocrx_word' id='word_1_54' title='bbox 762 468 852 500; x_wconf 86' lang='lat' dir='ltr'>ferre</span> <span class='ocrx_word' id='word_1_55' title='bbox 870 467 1054 500; x_wconf 77' lang='lat' dir='ltr'><strong>talentum.</strong></span> 
     </span>
     <span class='ocr_line' id='line_1_10' title="bbox 102 513 925 559; baseline -0.004 -11"><span class='ocrx_word' id='word_1_56' title='bbox 102 515 192 559; x_wconf 87' lang='lat' dir='ltr'>Ipsis</span> <span class='ocrx_word' id='word_1_57' title='bbox 210 515 402 559; x_wconf 82' lang='lat' dir='ltr'>praecipuos</span> <span class='ocrx_word' id='word_1_58' title='bbox 421 513 624 547; x_wconf 88' lang='lat' dir='ltr'>ductoribus</span> <span class='ocrx_word' id='word_1_59' title='bbox 641 513 741 546; x_wconf 87' lang='lat' dir='ltr'>addit</span> <span class='ocrx_word' id='word_1_60' title='bbox 758 513 904 546; x_wconf 81' lang='lat' dir='ltr'>honores</span> <span class='ocrx_word' id='word_1_61' title='bbox 919 524 925 546; x_wconf 78' lang='grc' dir='ltr'>ε</span> 
     </span>
     <span class='ocr_line' id='line_1_11' title="bbox 103 558 1104 604; baseline -0.003 -10"><span class='ocrx_word' id='word_1_62' title='bbox 103 561 236 594; x_wconf 85' lang='lat' dir='ltr'><strong>Victori</strong></span> <span class='ocrx_word' id='word_1_63' title='bbox 255 560 474 604; x_wconf 74' lang='lat' dir='ltr'><strong>chlamydem</strong></span> <span class='ocrx_word' id='word_1_64' title='bbox 492 563 663 601; x_wconf 82' lang='lat' dir='ltr'>auratam,</span> <span class='ocrx_word' id='word_1_65' title='bbox 681 570 786 601; x_wconf 88' lang='lat' dir='ltr'>quam</span> <span class='ocrx_word' id='word_1_66' title='bbox 803 559 956 603; x_wconf 84' lang='lat' dir='ltr'>plurima</span> <span class='ocrx_word' id='word_1_67' title='bbox 972 558 1104 592; x_wconf 88' lang='lat' dir='ltr'>circum</span> 
     </span>
     <span class='ocr_line' id='line_1_12' title="bbox 103 604 993 650; baseline -0.004 -9"><span class='ocrx_word' id='word_1_68' title='bbox 103 607 266 650; x_wconf 82' lang='lat' dir='ltr'>Purpura</span> <span class='ocrx_word' id='word_1_69' title='bbox 283 606 462 640; x_wconf 82' lang='lat' dir='ltr'>Maeandro</span> <span class='ocrx_word' id='word_1_70' title='bbox 480 605 615 649; x_wconf 84' lang='lat' dir='ltr'>duplici</span> <span class='ocrx_word' id='word_1_71' title='bbox 634 604 797 637; x_wconf 74' lang='lat' dir='ltr'>Meliboea</span> <span class='ocrx_word' id='word_1_72' title='bbox 815 604 969 637; x_wconf 82' lang='lat' dir='ltr'>cucurrit</span> <span class='ocrx_word' id='word_1_73' title='bbox 983 616 993 646; x_wconf 79' lang='lat'><em>3</em></span> 
     </span>
     <span class='ocr_line' id='line_1_13' title="bbox 104 650 845 697; baseline -0.005 -11"><span class='ocrx_word' id='word_1_74' title='bbox 104 653 341 697; x_wconf 85' lang='lat' dir='ltr'>Intextusque</span> <span class='ocrx_word' id='word_1_75' title='bbox 359 663 447 696; x_wconf 88' lang='lat' dir='ltr'>puer</span> <span class='ocrx_word' id='word_1_76' title='bbox 463 651 628 697; x_wconf 83' lang='lat' dir='ltr'>frondosa</span> <span class='ocrx_word' id='word_1_77' title='bbox 644 651 761 694; x_wconf 89' lang='lat' dir='ltr'>regius</span> <span class='ocrx_word' id='word_1_78' title='bbox 780 650 845 683; x_wconf 87' lang='lat' dir='ltr'>Ida</span> 
     </span>
    </p>

    <p class='ocr_par' dir='ltr' id='par_1_5' title="bbox 107 696 851 742">
     <span class='ocr_line' id='line_1_14' title="bbox 107 696 851 742; baseline -0.005 -10"><span class='ocrx_word' id='word_1_79' title='bbox 107 699 248 732; x_wconf 87' lang='lat' dir='ltr'>Veloces</span> <span class='ocrx_word' id='word_1_80' title='bbox 261 698 379 742; x_wconf 82' lang='lat' dir='ltr'>jaculo</span> <span class='ocrx_word' id='word_1_81' title='bbox 398 709 515 731; x_wconf 84' lang='lat' dir='ltr'>cervos</span> <span class='ocrx_word' id='word_1_82' title='bbox 533 708 705 740; x_wconf 83' lang='lat' dir='ltr'>cursuque</span> <span class='ocrx_word' id='word_1_83' title='bbox 722 696 851 739; x_wconf 85' lang='lat' dir='ltr'>fatigat</span> 
     </span>
    </p>

    <p class='ocr_par' dir='ltr' id='par_1_6' title="bbox 104 741 1044 925">
     <span class='ocr_line' id='line_1_15' title="bbox 104 741 971 786; baseline -0.005 -8"><span class='ocrx_word' id='word_1_84' title='bbox 104 745 202 786; x_wconf 78' lang='lat' dir='ltr'>Acer,</span> <span class='ocrx_word' id='word_1_85' title='bbox 221 744 404 778; x_wconf 81' lang='lat' dir='ltr'>anhelanti</span> <span class='ocrx_word' id='word_1_86' title='bbox 422 743 554 785; x_wconf 84' lang='lat' dir='ltr'>similis,</span> <span class='ocrx_word' id='word_1_87' title='bbox 573 754 676 786; x_wconf 90' lang='lat' dir='ltr'>quem</span> <span class='ocrx_word' id='word_1_88' title='bbox 693 753 827 786; x_wconf 82' lang='lat' dir='ltr'>praepes</span> <span class='ocrx_word' id='word_1_89' title='bbox 843 741 888 775; x_wconf 85' lang='lat' dir='ltr'>ab</span> <span class='ocrx_word' id='word_1_90' title='bbox 906 741 971 775; x_wconf 85' lang='lat' dir='ltr'>Ida</span> 
     </span>
     <span class='ocr_line' id='line_1_16' title="bbox 105 787 1014 835; baseline -0.004 -11"><span class='ocrx_word' id='word_1_91' title='bbox 105 791 299 824; x_wconf 86' lang='lat' dir='ltr'>Sublimem</span> <span class='ocrx_word' id='word_1_92' title='bbox 316 789 465 835; x_wconf 89' lang='lat' dir='ltr'>pedibus</span> <span class='ocrx_word' id='word_1_93' title='bbox 482 790 602 832; x_wconf 78' lang='lat' dir='ltr'>rapuit</span> <span class='ocrx_word' id='word_1_94' title='bbox 619 788 644 822; x_wconf 85' lang='lat' dir='ltr'>J</span> <span class='ocrx_word' id='word_1_95' title='bbox 647 788 719 822; x_wconf 73' lang='lat' dir='ltr'>ovis</span> <span class='ocrx_word' id='word_1_96' title='bbox 736 788 888 832; x_wconf 81' lang='lat' dir='ltr'>armiger</span> <span class='ocrx_word' id='word_1_97' title='bbox 905 787 1014 821; x_wconf 82' lang='lat' dir='ltr'>uncis.</span> 
     </span>
     <span class='ocr_line' id='line_1_17' title="bbox 107 833 1044 880; baseline -0.004 -10"><span class='ocrx_word' id='word_1_98' title='bbox 107 837 273 880; x_wconf 78' lang='lat' dir='ltr'>Longaevi</span> <span class='ocrx_word' id='word_1_99' title='bbox 290 836 424 880; x_wconf 83' lang='lat' dir='ltr'>palmas</span> <span class='ocrx_word' id='word_1_100' title='bbox 442 835 681 878; x_wconf 84' lang='lat' dir='ltr'>nequidquam</span> <span class='ocrx_word' id='word_1_101' title='bbox 699 834 743 867; x_wconf 86' lang='lat' dir='ltr'>ad</span> <span class='ocrx_word' id='word_1_102' title='bbox 761 834 873 867; x_wconf 85' lang='lat' dir='ltr'>sidera</span> <span class='ocrx_word' id='word_1_103' title='bbox 891 833 1044 866; x_wconf 82' lang='lat' dir='ltr'>tendunt</span> 
     </span>
     <span class='ocr_line' id='line_1_18' title="bbox 108 880 986 925; baseline -0.005 -9"><span class='ocrx_word' id='word_1_104' title='bbox 108 883 296 923; x_wconf 81' lang='lat' dir='ltr'>Custodes3</span> <span class='ocrx_word' id='word_1_105' title='bbox 321 882 491 925; x_wconf 85' lang='lat' dir='ltr'>saevitque</span> <span class='ocrx_word' id='word_1_106' title='bbox 509 892 636 913; x_wconf 86' lang='lat' dir='ltr'>canum</span> <span class='ocrx_word' id='word_1_107' title='bbox 653 880 803 913; x_wconf 81' lang='lat' dir='ltr'>latratus</span> <span class='ocrx_word' id='word_1_108' title='bbox 820 880 857 912; x_wconf 91' lang='lat' dir='ltr'>in</span> <span class='ocrx_word' id='word_1_109' title='bbox 875 891 986 913; x_wconf 83' lang='lat' dir='ltr'>auras.</span> 
     </span>
    </p>

    <p class='ocr_par' dir='ltr' id='par_1_7' title="bbox 108 925 1040 1064">
     <span class='ocr_line' id='line_1_19' title="bbox 108 925 1014 972; baseline -0.006 -10"><span class='ocrx_word' id='word_1_110' title='bbox 108 928 157 962; x_wconf 88' lang='lat' dir='ltr'>At</span> <span class='ocrx_word' id='word_1_111' title='bbox 175 929 235 972; x_wconf 86' lang='lat' dir='ltr'>qui</span> <span class='ocrx_word' id='word_1_112' title='bbox 253 928 378 961; x_wconf 88' lang='lat' dir='ltr'>deinde</span> <span class='ocrx_word' id='word_1_113' title='bbox 396 927 511 960; x_wconf 89' lang='lat' dir='ltr'>locum</span> <span class='ocrx_word' id='word_1_114' title='bbox 528 927 645 960; x_wconf 89' lang='lat' dir='ltr'>tenuit</span> <span class='ocrx_word' id='word_1_115' title='bbox 662 926 794 959; x_wconf 83' lang='lat' dir='ltr'>virtute</span> <span class='ocrx_word' id='word_1_116' title='bbox 811 925 1014 968; x_wconf 85' lang='lat' dir='ltr'>secundum,</span> 
     </span>
     <span class='ocr_line' id='line_1_20' title="bbox 108 971 1040 1015; baseline -0.004 -7"><span class='ocrx_word' id='word_1_117' title='bbox 108 975 258 1008; x_wconf 80' lang='lat' dir='ltr'>Levibus</span> <span class='ocrx_word' id='word_1_118' title='bbox 276 974 359 1007; x_wconf 90' lang='lat' dir='ltr'>huic</span> <span class='ocrx_word' id='word_1_119' title='bbox 376 973 488 1007; x_wconf 85' lang='lat' dir='ltr'>hamis</span> <span class='ocrx_word' id='word_1_120' title='bbox 507 977 701 1005; x_wconf 79' lang='lat' dir='ltr'>consertam</span> <span class='ocrx_word' id='word_1_121' title='bbox 718 983 870 1015; x_wconf 85' lang='lat' dir='ltr'>auroque</span> <span class='ocrx_word' id='word_1_122' title='bbox 888 971 1040 1004; x_wconf 85' lang='lat' dir='ltr'>trilicem</span> 
     </span>
     <span class='ocr_line' id='line_1_21' title="bbox 108 1018 889 1064; baseline -0.005 -10"><span class='ocrx_word' id='word_1_123' title='bbox 108 1021 277 1063; x_wconf 80' lang='lat' dir='ltr'>Loricam,</span> <span class='ocrx_word' id='word_1_124' title='bbox 295 1031 400 1064; x_wconf 89' lang='lat' dir='ltr'>quam</span> <span class='ocrx_word' id='word_1_125' title='bbox 418 1018 582 1052; x_wconf 87' lang='lat' dir='ltr'>Demoleo</span> <span class='ocrx_word' id='word_1_126' title='bbox 599 1018 799 1051; x_wconf 76' lang='lat' dir='ltr'>detraxerat</span> <span class='ocrx_word' id='word_1_127' title='bbox 816 1018 889 1061; x_wconf 92' lang='lat' dir='ltr'>ipse</span> 
     </span>
    </p>

    <p class='ocr_par' dir='ltr' id='par_1_8' title="bbox 109 1062 1040 1292">
     <span class='ocr_line' id='line_1_22' title="bbox 110 1062 982 1110; baseline -0.006 -10"><span class='ocrx_word' id='word_1_128' title='bbox 110 1067 231 1100; x_wconf 82' lang='lat' dir='ltr'>Victor</span> <span class='ocrx_word' id='word_1_129' title='bbox 247 1065 342 1110; x_wconf 85' lang='lat' dir='ltr'>apud</span> <span class='ocrx_word' id='word_1_130' title='bbox 358 1065 521 1109; x_wconf 85' lang='lat' dir='ltr'>rapidum</span> <span class='ocrx_word' id='word_1_131' title='bbox 539 1064 718 1098; x_wconf 73' lang='lat' dir='ltr'>Simoenta</span> <span class='ocrx_word' id='word_1_132' title='bbox 735 1063 798 1096; x_wconf 84' lang='lat' dir='ltr'>sub</span> <span class='ocrx_word' id='word_1_133' title='bbox 817 1064 883 1097; x_wconf 91' lang='lat' dir='ltr'>Ilio</span> <span class='ocrx_word' id='word_1_134' title='bbox 900 1062 982 1105; x_wconf 82' lang='lat' dir='ltr'>alto,</span> 
     </span>
     <span class='ocr_line' id='line_1_23' title="bbox 109 1109 1013 1153; baseline -0.006 -7"><span class='ocrx_word' id='word_1_135' title='bbox 109 1113 228 1146; x_wconf 81' lang='lat' dir='ltr'>Donat</span> <span class='ocrx_word' id='word_1_136' title='bbox 245 1111 371 1145; x_wconf 88' lang='lat' dir='ltr'>habere</span> <span class='ocrx_word' id='word_1_137' title='bbox 388 1111 473 1153; x_wconf 83' lang='lat' dir='ltr'>viro,</span> <span class='ocrx_word' id='word_1_138' title='bbox 491 1111 596 1144; x_wconf 91' lang='lat' dir='ltr'>decus</span> <span class='ocrx_word' id='word_1_139' title='bbox 614 1114 649 1143; x_wconf 88' lang='lat' dir='ltr'>et</span> <span class='ocrx_word' id='word_1_140' title='bbox 666 1114 827 1143; x_wconf 89' lang='lat' dir='ltr'>tutamen</span> <span class='ocrx_word' id='word_1_141' title='bbox 844 1110 882 1142; x_wconf 93' lang='lat' dir='ltr'>in</span> <span class='ocrx_word' id='word_1_142' title='bbox 899 1109 1013 1142; x_wconf 83' lang='lat' dir='ltr'>armis.</span> 
     </span>
     <span class='ocr_line' id='line_1_24' title="bbox 112 1155 1019 1199; baseline -0.004 -8"><span class='ocrx_word' id='word_1_143' title='bbox 112 1159 182 1192; x_wconf 86' lang='lat' dir='ltr'>Vix</span> <span class='ocrx_word' id='word_1_144' title='bbox 200 1158 298 1191; x_wconf 85' lang='lat' dir='ltr'>illam</span> <span class='ocrx_word' id='word_1_145' title='bbox 314 1157 440 1190; x_wconf 74' lang='lat' dir='ltr'>famuli</span> <span class='ocrx_word' id='word_1_146' title='bbox 457 1156 618 1199; x_wconf 87' lang='lat' dir='ltr'>Phegeus</span> <span class='ocrx_word' id='word_1_147' title='bbox 636 1156 843 1199; x_wconf 85' lang='lat' dir='ltr'>Sagarisque</span> <span class='ocrx_word' id='word_1_148' title='bbox 859 1155 1019 1188; x_wconf 80' lang='lat' dir='ltr'>ferebant</span> 
     </span>
     <span class='ocr_line' id='line_1_25' title="bbox 111 1200 1040 1248; baseline -0.005 -10"><span class='ocrx_word' id='word_1_149' title='bbox 111 1204 359 1248; x_wconf 85' lang='lat' dir='ltr'>Multiplicem‚</span> <span class='ocrx_word' id='word_1_150' title='bbox 378 1203 520 1236; x_wconf 79' lang='lat' dir='ltr'>connixi</span> <span class='ocrx_word' id='word_1_151' title='bbox 537 1202 692 1235; x_wconf 87' lang='lat' dir='ltr'>humeris</span> <span class='ocrx_word' id='word_1_152' title='bbox 707 1214 714 1243; x_wconf 82' lang='lat'><em>3</em></span> <span class='ocrx_word' id='word_1_153' title='bbox 739 1201 886 1234; x_wconf 87' lang='lat' dir='ltr'>indutus</span> <span class='ocrx_word' id='word_1_154' title='bbox 903 1206 941 1234; x_wconf 85' lang='lat' dir='ltr'>at</span> <span class='ocrx_word' id='word_1_155' title='bbox 957 1200 1040 1234; x_wconf 88' lang='lat' dir='ltr'>olim</span> 
     </span>
     <span class='ocr_line' id='line_1_26' title="bbox 113 1246 868 1292; baseline -0.005 -8"><span class='ocrx_word' id='word_1_156' title='bbox 113 1250 294 1284; x_wconf 86' lang='lat' dir='ltr'>Demoleos</span> <span class='ocrx_word' id='word_1_157' title='bbox 313 1260 417 1282; x_wconf 89' lang='lat' dir='ltr'>cursu</span> <span class='ocrx_word' id='word_1_158' title='bbox 434 1249 594 1292; x_wconf 84' lang='lat' dir='ltr'>palantes</span> <span class='ocrx_word' id='word_1_159' title='bbox 611 1248 715 1281; x_wconf 88' lang='lat' dir='ltr'>Troas</span> <span class='ocrx_word' id='word_1_160' title='bbox 732 1246 868 1291; x_wconf 85' lang='lat' dir='ltr'>agebat.</span> 
     </span>
    </p>

    <p class='ocr_par' dir='ltr' id='par_1_9' title="bbox 113 1293 1061 1476">
     <span class='ocr_line' id='line_1_27' title="bbox 113 1293 916 1338; baseline -0.006 -8"><span class='ocrx_word' id='word_1_161' title='bbox 113 1296 232 1330; x_wconf 87' lang='lat' dir='ltr'>Tertia</span> <span class='ocrx_word' id='word_1_162' title='bbox 247 1296 337 1329; x_wconf 87' lang='lat' dir='ltr'>dona</span> <span class='ocrx_word' id='word_1_163' title='bbox 354 1295 440 1328; x_wconf 88' lang='lat' dir='ltr'>facit</span> <span class='ocrx_word' id='word_1_164' title='bbox 457 1294 613 1338; x_wconf 83' lang='lat' dir='ltr'>geminos</span> <span class='ocrx_word' id='word_1_165' title='bbox 630 1305 674 1327; x_wconf 84' lang='lat' dir='ltr'>ex</span> <span class='ocrx_word' id='word_1_166' title='bbox 692 1304 758 1327; x_wconf 73' lang='lat' dir='ltr'>:ere</span> <span class='ocrx_word' id='word_1_167' title='bbox 774 1293 916 1336; x_wconf 82' lang='lat' dir='ltr'>lebetas,</span> 
     </span>
     <span class='ocr_line' id='line_1_28' title="bbox 116 1337 1061 1386; baseline -0.004 -11"><span class='ocrx_word' id='word_1_168' title='bbox 116 1342 330 1386; x_wconf 80' lang='lat' dir='ltr'>Cymbiaque</span> <span class='ocrx_word' id='word_1_169' title='bbox 348 1345 493 1384; x_wconf 83' lang='lat' dir='ltr'>argento</span> <span class='ocrx_word' id='word_1_170' title='bbox 510 1340 666 1384; x_wconf 86' lang='lat' dir='ltr'>perfecta</span> <span class='ocrx_word' id='word_1_171' title='bbox 682 1343 788 1383; x_wconf 86' lang='lat' dir='ltr'>atque</span> <span class='ocrx_word' id='word_1_172' title='bbox 805 1350 927 1383; x_wconf 85' lang='lat' dir='ltr'>aspera</span> <span class='ocrx_word' id='word_1_173' title='bbox 944 1337 1061 1381; x_wconf 87' lang='lat' dir='ltr'>signis.</span> 
     </span>
     <span class='ocr_line' id='line_1_29' title="bbox 115 1384 1031 1432; baseline -0.005 -10"><span class='ocrx_word' id='word_1_174' title='bbox 115 1388 269 1432; x_wconf 85' lang='lat' dir='ltr'>Jamque</span> <span class='ocrx_word' id='word_1_175' title='bbox 286 1387 371 1420; x_wconf 88' lang='lat' dir='ltr'>adeo</span> <span class='ocrx_word' id='word_1_176' title='bbox 389 1387 510 1420; x_wconf 81' lang='lat' dir='ltr'>donati</span> <span class='ocrx_word' id='word_1_177' title='bbox 527 1397 655 1428; x_wconf 89' lang='lat' dir='ltr'>omnes,</span> <span class='ocrx_word' id='word_1_178' title='bbox 672 1386 865 1430; x_wconf 87' lang='lat' dir='ltr'>opibusque</span> <span class='ocrx_word' id='word_1_179' title='bbox 882 1384 1031 1429; x_wconf 85' lang='lat' dir='ltr'>superbi,</span> 
     </span>
     <span class='ocr_line' id='line_1_30' title="bbox 117 1431 870 1476; baseline -0.005 -8"><span class='ocrx_word' id='word_1_180' title='bbox 117 1434 280 1468; x_wconf 85' lang='lat' dir='ltr'>Puniceis</span> <span class='ocrx_word' id='word_1_181' title='bbox 298 1433 396 1466; x_wconf 87' lang='lat' dir='ltr'>ibant</span> <span class='ocrx_word' id='word_1_182' title='bbox 413 1433 544 1466; x_wconf 84' lang='lat' dir='ltr'>evincti</span> <span class='ocrx_word' id='word_1_183' title='bbox 560 1436 718 1476; x_wconf 86' lang='lat' dir='ltr'>tempora</span> <span class='ocrx_word' id='word_1_184' title='bbox 734 1431 849 1465; x_wconf 80' lang='lat' dir='ltr'>taem‘is</span> <span class='ocrx_word' id='word_1_185' title='bbox 863 1443 870 1464; x_wconf 90' lang='lat'>:</span> 
     </span>
    </p>

    <p class='ocr_par' dir='ltr' id='par_1_10' title="bbox 116 1476 1021 1568">
     <span class='ocr_line' id='line_1_31' title="bbox 116 1476 1021 1523; baseline -0.003 -10"><span class='ocrx_word' id='word_1_186' title='bbox 116 1480 234 1521; x_wconf 89' lang='lat' dir='ltr'>Quum</span> <span class='ocrx_word' id='word_1_187' title='bbox 252 1491 340 1513; x_wconf 86' lang='lat' dir='ltr'>saevo</span> <span class='ocrx_word' id='word_1_188' title='bbox 358 1490 376 1512; x_wconf 90' lang='lat' dir='ltr'>e</span> <span class='ocrx_word' id='word_1_189' title='bbox 395 1478 534 1523; x_wconf 90' lang='lat' dir='ltr'>scopulo</span> <span class='ocrx_word' id='word_1_190' title='bbox 551 1478 666 1511; x_wconf 85' lang='lat' dir='ltr'>multa</span> <span class='ocrx_word' id='word_1_191' title='bbox 682 1478 743 1511; x_wconf 84' lang='lat' dir='ltr'>vix</span> <span class='ocrx_word' id='word_1_192' title='bbox 760 1482 836 1511; x_wconf 83' lang='lat' dir='ltr'>arte</span> <span class='ocrx_word' id='word_1_193' title='bbox 852 1476 1021 1520; x_wconf 76' lang='lat' dir='ltr'>revulsus,</span> 
     </span>
     <span class='ocr_line' id='line_1_32' title="bbox 116 1523 890 1568; baseline -0.004 -9"><span class='ocrx_word' id='word_1_194' title='bbox 116 1526 262 1560; x_wconf 79' lang='lat' dir='ltr'>Amissis</span> <span class='ocrx_word' id='word_1_195' title='bbox 278 1525 392 1567; x_wconf 88' lang='lat' dir='ltr'>remis,</span> <span class='ocrx_word' id='word_1_196' title='bbox 409 1530 515 1568; x_wconf 82' lang='lat' dir='ltr'>atque</span> <span class='ocrx_word' id='word_1_197' title='bbox 532 1524 652 1558; x_wconf 88' lang='lat' dir='ltr'>ordine</span> <span class='ocrx_word' id='word_1_198' title='bbox 670 1523 792 1557; x_wconf 87' lang='lat' dir='ltr'>debilis</span> <span class='ocrx_word' id='word_1_199' title='bbox 809 1535 890 1566; x_wconf 89' lang='lat' dir='ltr'>uno,</span> 
     </span>
    </p>

    <p class='ocr_par' dir='ltr' id='par_1_11' title="bbox 117 1568 1105 1800">
     <span class='ocr_line' id='line_1_33' title="bbox 119 1568 979 1614; baseline -0.003 -9"><span class='ocrx_word' id='word_1_200' title='bbox 119 1573 261 1605; x_wconf 87' lang='lat' dir='ltr'>Irrisam</span> <span class='ocrx_word' id='word_1_201' title='bbox 279 1572 353 1605; x_wconf 89' lang='lat' dir='ltr'>sine</span> <span class='ocrx_word' id='word_1_202' title='bbox 369 1571 499 1604; x_wconf 86' lang='lat' dir='ltr'>honore</span> <span class='ocrx_word' id='word_1_203' title='bbox 515 1575 627 1604; x_wconf 87' lang='lat' dir='ltr'>ratem</span> <span class='ocrx_word' id='word_1_204' title='bbox 647 1570 828 1614; x_wconf 85' lang='lat' dir='ltr'>Sergestus</span> <span class='ocrx_word' id='word_1_205' title='bbox 844 1568 979 1613; x_wconf 82' lang='lat' dir='ltr'>agebat.</span> 
     </span>
     <span class='ocr_line' id='line_1_34' title="bbox 119 1616 997 1662; baseline -0.005 -11"><span class='ocrx_word' id='word_1_206' title='bbox 119 1618 240 1659; x_wconf 85' lang='lat' dir='ltr'>Qualis</span> <span class='ocrx_word' id='word_1_207' title='bbox 258 1629 347 1662; x_wconf 87' lang='lat' dir='ltr'>saepe</span> <span class='ocrx_word' id='word_1_208' title='bbox 363 1617 428 1650; x_wconf 82' lang='lat' dir='ltr'>viae</span> <span class='ocrx_word' id='word_1_209' title='bbox 446 1617 635 1661; x_wconf 86' lang='lat' dir='ltr'>deprensus</span> <span class='ocrx_word' id='word_1_210' title='bbox 652 1616 690 1649; x_wconf 90' lang='lat' dir='ltr'>in</span> <span class='ocrx_word' id='word_1_211' title='bbox 707 1627 832 1660; x_wconf 86' lang='lat' dir='ltr'>aggere</span> <span class='ocrx_word' id='word_1_212' title='bbox 849 1625 997 1659; x_wconf 86' lang='lat' dir='ltr'>serpens,</span> 
     </span>
     <span class='ocr_line' id='line_1_35' title="bbox 117 1659 1105 1708; baseline -0.004 -11"><span class='ocrx_word' id='word_1_213' title='bbox 117 1664 223 1697; x_wconf 87' lang='lat' dir='ltr'>AErea</span> <span class='ocrx_word' id='word_1_214' title='bbox 240 1675 344 1708; x_wconf 92' lang='lat' dir='ltr'>quem</span> <span class='ocrx_word' id='word_1_215' title='bbox 360 1663 541 1707; x_wconf 89' lang='lat' dir='ltr'>obliquum</span> <span class='ocrx_word' id='word_1_216' title='bbox 557 1666 634 1696; x_wconf 82' lang='lat' dir='ltr'>rota,</span> <span class='ocrx_word' id='word_1_217' title='bbox 650 1662 801 1705; x_wconf 83' lang='lat' dir='ltr'>transiit,</span> <span class='ocrx_word' id='word_1_218' title='bbox 817 1665 882 1695; x_wconf 89' lang='lat' dir='ltr'>aut</span> <span class='ocrx_word' id='word_1_219' title='bbox 898 1660 1014 1705; x_wconf 82' lang='lat' dir='ltr'>gravis</span> <span class='ocrx_word' id='word_1_220' title='bbox 1029 1659 1105 1694; x_wconf 92' lang='lat' dir='ltr'>ictu</span> 
     </span>
     <span class='ocr_line' id='line_1_36' title="bbox 118 1707 942 1753; baseline -0.004 -10"><span class='ocrx_word' id='word_1_221' title='bbox 118 1710 332 1744; x_wconf 84' lang='lat' dir='ltr'>Seminecem</span> <span class='ocrx_word' id='word_1_222' title='bbox 349 1709 454 1753; x_wconf 86' lang='lat' dir='ltr'>liquit</span> <span class='ocrx_word' id='word_1_223' title='bbox 471 1720 554 1742; x_wconf 82' lang='lat' dir='ltr'>saxo</span> <span class='ocrx_word' id='word_1_224' title='bbox 570 1708 794 1752; x_wconf 86' lang='lat' dir='ltr'>lacerumque</span> <span class='ocrx_word' id='word_1_225' title='bbox 810 1707 942 1748; x_wconf 84' lang='lat' dir='ltr'>viator3</span> 
     </span>
     <span class='ocr_line' id='line_1_37' title="bbox 119 1755 1031 1800; baseline -0.004 -10"><span class='ocrx_word' id='word_1_226' title='bbox 119 1756 365 1800; x_wconf 85' lang='lat' dir='ltr'>Nequidquam</span> <span class='ocrx_word' id='word_1_227' title='bbox 382 1755 502 1800; x_wconf 83' lang='lat' dir='ltr'>longos</span> <span class='ocrx_word' id='word_1_228' title='bbox 518 1755 657 1798; x_wconf 87' lang='lat' dir='ltr'>fugiens</span> <span class='ocrx_word' id='word_1_229' title='bbox 675 1755 736 1788; x_wconf 86' lang='lat' dir='ltr'>dat</span> <span class='ocrx_word' id='word_1_230' title='bbox 753 1765 892 1799; x_wconf 88' lang='lat' dir='ltr'>corpore</span> <span class='ocrx_word' id='word_1_231' title='bbox 909 1756 1031 1796; x_wconf 79' lang='lat' dir='ltr'>tortus,</span> 
     </span>
    </p>
   </div>
   <div class='ocr_carea' id='block_1_3' title="bbox 1160 557 1230 590">
    <p class='ocr_par' dir='ltr' id='par_1_12' title="bbox 1160 557 1230 590">
     <span class='ocr_line' id='line_1_38' title="bbox 1160 557 1230 590; baseline -0.014 0"><span class='ocrx_word' id='word_1_232' title='bbox 1160 557 1230 590; x_wconf 79' lang='lat'>250</span> 
     </span>
    </p>
   </div>
   <div class='ocr_carea' id='block_1_4' title="bbox 1168 1016 1236 1048">
    <p class='ocr_par' dir='ltr' id='par_1_13' title="bbox 1168 1016 1236 1048">
     <span class='ocr_line' id='line_1_39' title="bbox 1168 1016 1236 1048; baseline 0 0"><span class='ocrx_word' id='word_1_233' title='bbox 1168 1016 1236 1048; x_wconf 85' lang='lat'>260</span> 
     </span>
    </p>
   </div>
   <div class='ocr_carea' id='block_1_5' title="bbox 1171 1475 1239 1509">
    <p class='ocr_par' dir='ltr' id='par_1_14' title="bbox 1171 1475 1239 1509">
     <span class='ocr_line' id='line_1_40' title="bbox 1171 1475 1239 1509; baseline 0 -1"><span class='ocrx_word' id='word_1_234' title='bbox 1171 1475 1239 1509; x_wconf 82' lang='lat'>270</span> 
     </span>
    </p>
   </div>
  </div>
 </body>
</html>
