1345 1927
101 53 168 84 208
411 50 448 84 P.
468 50 673 85 VIRGILII
699 50 868 85 MARON
872 51 914 85 IS

100 116 147 150 Et
165 117 292 160 Metus,
309 120 345 151 et
361 117 561 151 malesuada
579 117 711 160 Fames,
729 128 770 151 ac
787 118 901 161 turpis
919 116 1124 161 Egestas,—

100 162 282 196 Terribiles
299 163 376 196 visu
393 163 772 207 formae,—Letumque,
791 163 969 206 Labosque
984 174 992 202 3

101 208 192 241 Tum
209 209 486 252 consanguineus
504 209 582 241 Leti
599 208 714 253 Sopor,
733 213 768 241 et
785 208 877 241 mala
894 208 1021 241 ment-is

102 254 247 297 Gaudia,
263 255 552 298 mortiferumque
568 254 712 287 adverso
729 254 766 286 in
783 254 904 286 limine
922 253 1071 294 Bellum,

100 299 284 344 Ferreique
301 299 534 333 Eumenidum
554 299 709 342 thalami,
727 303 762 332 et
779 298 960 332 Discordia
976 298 1127 344 demens,
1152 301 1220 334 280

101 345 290 389 Vipereum
307 345 436 379 crinem
453 345 551 378 vittis
568 345 697 378 innexa
714 344 876 378 cruentis.

149 391 192 424 In
208 391 321 424 medio
337 402 449 424 ramos
467 401 664 434 annosaque
680 390 823 423 brachia
839 389 964 433 pandit

101 436 225 470 Ulmus
241 447 358 481 opaca,
377 437 522 479 ingens;
547 447 653 479 quam
670 436 785 469 sedem
803 435 944 469 Somnia
961 434 1068 479 vulgo

105 482 204 515 Vana
223 486 340 515 tenere
356 482 484 524 ferunt,
502 463 663 525 f'oliisque
680 481 743 514 sub
761 480 921 514 omnibus
938 480 1083 515 haerent.

101 526 285 571 Multaque
302 531 469 571 praeterea
486 526 661 560 variarum
678 530 833 560 monstra
849 526 1012 569 ferarum,

103 572 293 606 Centauri'
284 583 320 605 m
337 572 468 605 foribus
486 571 674 614 stabulant,
692 571 886 615 Scyllaeque
903 572 1076 614 biformeS,

101 618 148 652 Et
165 618 467 661 centumgeminus
484 617 654 659 Briareus,
671 627 711 651 ac
728 616 844 650 bellua
862 617 981 650 Lernae

106 664 328 697 Horrendum
345 663 502 706 stridens,
519 662 737 706 flammisque
754 666 887 696 armata
906 662 1086 707 Chimaera,

103 709 286 753 Gorgones,
305 709 551 753 Harpyiaeque,
569 712 604 741 et
621 709 732 741 forma
748 708 947 752 tricorporis
964 708 1105 743 umbrae.

102 755 252 799 Corripit
268 755 326 788 hic
344 755 460 788 subita
476 754 633 798 trepidus
649 753 834 788 formidine
851 754 982 787 ferrum
1151 755 1220 788 290

102 801 239 843 AEneas,
257 801 484 844 strictamque
500 800 611 833 aciem
629 799 849 833 venientibus
866 799 966 833 offert
979 812 988 841 3

102 846 158 889 Et,
175 847 213 880 ni
230 846 332 879 docta
349 857 461 879 comes
478 850 600 879 tenues
618 846 691 878 sine
709 856 847 889 corpore
865 845 955 878 vitas

102 892 298 926 Admoneat
314 892 459 925 volitare
476 902 562 925 cava
579 891 642 924 sub
659 891 812 934 imagine
828 891 959 933 formae,

103 937 230 981 Irruat,
247 942 283 971 et
299 938 430 970 frustra
445 937 534 970 ferro
552 936 748 970 diverberet
764 935 913 970 umbras.

149 984 244 1016 Hinc
260 983 326 1025 via,
345 983 501 1016 Tartarei
519 994 597 1026 quae
615 983 684 1015 fert
701 982 906 1015 Acherontis
923 981 968 1015 ad
985 981 1120 1016 undas:

103 1029 276 1062 Turbidus
292 1028 349 1062 hic
366 1039 462 1062 coeno
479 1032 645 1072 vastaque
662 1027 826 1071 voragine
842 1038 969 1070 gurges

103 1075 253 1117 AEstuat,
270 1078 376 1118 atque
392 1085 529 1107 omnem
546 1074 672 1117 Cocyto
689 1077 825 1106 eructat
842 1084 992 1106 arenam.

103 1120 255 1154 Portitor
271 1120 332 1153 has
349 1119 540 1153 horrendus
557 1130 664 1163 aquas
681 1122 716 1152 et
732 1118 878 1152 flumina
895 1122 1009 1152 servat

102 1165 263 1199 Terribili
280 1165 437 1209 squalore
455 1165 590 1198 Charon
605 1176 611 1198 :
637 1164 694 1197 cui
711 1164 863 1207 plurima
878 1168 996 1198 mento

103 1211 254 1244 Canities
270 1211 406 1244 inculta
417 1212 513 1254 jacet
528 1222 535 1250 ;
560 1213 656 1243 stant
672 1209 807 1242 lumina
823 1209 963 1243 flamma
976 1221 985 1250 ;
1151 1211 1220 1244 300

103 1256 268 1290 Sordidus
283 1267 327 1290 ex
343 1256 497 1289 humeris
514 1255 602 1289 nodo
620 1255 793 1299 dependet
809 1254 967 1289 amictus.

105 1302 183 1346 Ipse
199 1305 310 1335 ratem
327 1306 428 1335 conto
445 1301 577 1345 subigit
593 1301 747 1345 velisque
764 1300 952 1344 ministrat,

103 1348 149 1381 Et
165 1348 364 1391 ferruginea
381 1347 562 1380 subvectat
578 1357 720 1391 corpora
736 1346 860 1390 cymba

102 1393 128 1427 J
129 1405 186 1427 am
203 1394 337 1434 senior,
329 1405 336 1412 ·
362 1393 421 1426 sed
438 1392 546 1426 cruda
563 1392 625 1426 deo
642 1392 832 1436 viridisque
848 1394 1017 1426 senectus.

103 1439 184 1472 Huc
202 1439 312 1472 omnis
329 1439 433 1472 turba
449 1438 493 1471 ad
510 1438 603 1482 ripas
620 1437 728 1471 effusa
743 1437 878 1481 ruebat,

102 1482 234 1518 Matres
251 1488 356 1528 atque
374 1484 449 1527 viri,
467 1484 701 1527 defunctaque
718 1494 860 1528 corpora
876 1483 950 1517 vita

102 1530 371 1574 Magnanimum
388 1530 540 1572 heroum,
557 1530 657 1573 pueri
674 1529 900 1573 innuptaeque
917 1528 1053 1572 puellae,

103 1576 333 1620 Impositique
348 1575 440 1619 rogis
451 1577 600 1618 juvenes
617 1578 699 1608 ante
716 1586 775 1608 ora
792 1578 998 1619 parentum:

104 1622 216 1662 Quam
231 1621 371 1654 multa.
361 1632 399 1654 1n
416 1621 512 1654 silvis
529 1621 711 1654 auctumni
727 1621 854 1664 frigore
870 1620 982 1664 primo

102 1666 215 1711 Lapsa
231 1667 362 1700 cadunt
378 1666 484 1707 folia;
509 1670 572 1700 aut
589 1667 633 1700 ad
651 1670 779 1699 terram
795 1665 935 1709 gurgite
951 1664 995 1698 ab
1010 1664 1082 1698 alto
1149 1666 1217 1699 310

103 1712 215 1755 Quam
231 1713 353 1746 multae
370 1712 608 1757 glomerantur
624 1723 715 1756 aves,
731 1711 793 1745 ubi
808 1710 958 1755 frigidus
973 1721 1086 1744 annus
