1345 1927
166 64 234 95 382
478 61 515 95 P.
535 61 742 95 VIRGILII
769 61 985 96 MARONIS

166 129 266 172 Quid,
285 141 408 163 saxum
425 129 544 174 procul
560 129 702 163 adverso
719 129 779 173 qui
795 132 913 162 monte
929 128 1086 172 revolvit,

165 176 391 209 Contemsisse
409 175 504 209 dolor
521 186 622 219 quem
639 176 785 208 numina
802 176 911 208 vincit
927 175 1080 218 acerbus,

165 221 246 254 Otia
263 226 473 265 quaerentem
489 221 619 254 frustra
633 221 645 254 2
688 221 755 254 Vos
773 221 821 254 ite
838 221 975 265 puellae‚

165 266 230 310 Ite,
248 266 374 310 quibus
391 267 498 300 taedas
515 267 674 300 accendit
692 267 801 300 tristis
820 267 1003 310 Erinys,—

164 311 263 346 Sicut
280 312 420 356 Hymen
437 313 584 356 praefata
601 313 698 345 dedit
715 313 888 345 connubia
905 312 1084 354 mortis,—

163 358 279 402 Atque
296 358 382 391 alias
399 358 466 391 alio
484 358 606 391 densat
623 370 726 402 super
743 359 881 400 agmine
898 362 1044 402 turmas,

163 403 351 448 Impietate
368 404 441 436 fera
458 404 637 437 vecordem
655 404 818 437 Colchida
834 408 982 437 matrem

162 449 280 482 Anxia
297 449 453 482 sollicitis
470 449 698 482 meditantem
715 450 860 483 vulnera
877 450 969 483 natis
984 461 992 491 3

162 495 187 528 J
190 506 245 528 am
263 495 472 528 Pandionias
489 495 684 528 miseranda
700 495 795 539 prole
812 495 956 538 puellas,
1209 494 1278 528 250

163 540 319 581 Quarum
336 552 404 574 vox
422 541 515 583 Ityn,
533 544 568 573 et
587 541 679 584 Ityn,
697 541 789 584 quod
807 541 982 574 Bistonius
999 551 1061 574 rex

163 585 275 619 Orbus
292 597 396 630 epops
412 590 531 619 maeret
550 585 704 619 volucres
721 591 860 619 evectus
878 586 914 619 in
931 597 1041 620 aurae.

162 631 212 665 At
229 632 463 664 discordantes
481 631 628 665 Cadmeo
646 632 815 674 sanguine
832 632 956 665 fratres

161 676 188 711 J
189 688 246 710 am
262 677 463 710 truculenta
479 677 598 710 ferunt
615 677 808 721 infestaque
825 677 970 711 vulnera
987 688 1109 722 corpus

162 722 262 756 Alter
280 723 317 756 in
335 723 499 756 alterius:
520 724 663 767 jamque
681 727 858 756 aversatus
875 727 1032 767 uterque,

164 767 278 813 Impia
295 769 451 812 germani
467 773 588 802 manat
605 769 696 812 quod
714 769 883 811 sanguine
900 769 1032 803 dextra.

161 813 272 857 Eheu,
289 815 481 848 mutandus
499 825 681 858 nunquam
698 814 794 848 labor
808 816 814 848 !
842 815 991 848 Auferor
1007 815 1102 849 ultra.

162 859 205 892 In
223 860 357 893 diversa
373 860 485 903 magis
499 872 505 894 :
532 861 700 893 distantia
717 860 839 893 limina
856 871 957 893 cerno
971 872 978 895 :

161 905 317 949 Elysiam
334 906 527 939 tranandus
545 917 628 949 agor
645 906 781 939 delatus
799 906 843 939 ad
860 907 1002 941 undam.
1318 938 1319 943 ,

163 950 274 984 Obvia
291 951 508 995 Persephone
526 952 668 984 comites
687 952 859 985 lIero'idas
877 957 978 995 urget
1211 953 1280 986 260
1318 963 1319 992 ι

161 996 332 1030 Adversas
350 998 500 1040 perferre
516 998 618 1030 faces.
660 997 807 1030 Alcestis
824 997 867 1030 ab
885 998 979 1031 omni
1318 997 1319 1012 ¹

162 1041 336 1076 Inviolata
353 1046 455 1076 vacat
472 1054 565 1085 cura,
582 1043 675 1086 quod
693 1054 784 1076 saeva
799 1043 918 1076 mariti

162 1087 244 1132 Ipsa
261 1089 330 1121 suis
348 1088 430 1121 fatis
448 1087 589 1121 Admeti
605 1089 681 1121 fata
697 1093 832 1122 morata
848 1093 909 1122 est.

161 1133 250 1167 Ecce
269 1134 383 1167 Ithaci
400 1135 538 1178 conjux,
557 1145 690 1178 semper
707 1134 821 1176 decus,
841 1134 999 1168 Icariotis

162 1178 367 1213 Femineum
384 1180 586 1224 incorrupta
603 1180 707 1213 decus
722 1192 731 1221 ;
755 1184 875 1214 manet
891 1185 927 1214 et
943 1180 1064 1225 procul
1081 1179 1143 1215 illa

162 1225 278 1258 Turba
294 1226 392 1258 ferox
403 1227 577 1269 juvenum
593 1225 672 1259 telis
690 1226 827 1259 confixa
843 1237 1034 1270 procorum.

163 1270 255 1311 Quin
272 1271 397 1305 misera
414 1271 586 1315 Eurydice
603 1275 703 1305 tanto
719 1283 859 1305 maerore
876 1272 1025 1314 recessit,

163 1315 338 1360 Poenaque
354 1321 530 1361 respectus
548 1322 583 1351 et
599 1329 704 1357 nunc,
722 1318 873 1362 Orpheu‚
891 1322 1010 1351 manet
1027 1318 1064 1351 in
1081 1321 1125 1352 te.

162 1362 290 1395 Audax
306 1363 365 1395 ille
383 1363 533 1406 quidem,
551 1363 611 1407 qui
628 1363 749 1396 mitem
767 1363 934 1397 Cerberon
951 1375 1107 1408 unquam

163 1407 327 1451 Credidit,
345 1413 408 1441 aut
424 1409 489 1442 ulli
507 1409 600 1442 Ditis
618 1409 788 1453 placabile
804 1421 944 1453 numen,
1212 1410 1281 1445 270
1321 1423 1322 1454 ᾗ

161 1453 194 1486 N
196 1465 233 1487 ec
250 1454 371 1487 timuit
389 1454 644 1498 Phlegethonta
660 1455 836 1488 furentem
853 1456 1056 1490 ardentibus
1073 1455 1188 1500 undis,
1321 1464 1322 1477 ³

162 1499 195 1532 N
197 1511 235 1532 ec
251 1504 373 1534 maesta
390 1500 537 1534 obtentu
555 1501 629 1534 diro
647 1505 682 1534 et
698 1501 874 1545 ferrugine
891 1513 1009 1545 regna,

162 1544 390 1590 Defossasque
407 1546 524 1580 domos
541 1558 582 1580 ac
599 1547 744 1580 Tartara
760 1551 861 1580 nocte
878 1553 1023 1582 cruenta.

163 1590 292 1634 Obsita,
310 1603 374 1626 nce
390 1592 510 1626 faciles
528 1592 620 1626 Ditis
637 1593 710 1626 sine
722 1593 842 1637 judice
859 1593 965 1636 sedes,

162 1636 187 1669 J
190 1636 299 1679 udiee,
318 1637 379 1681 qui
396 1638 478 1671 vitae
495 1642 572 1682 post
589 1643 735 1672 mortem
753 1639 909 1672 vindicat
926 1643 1014 1674 acta.

162 1681 228 1714 Sed
246 1682 386 1716 fortuna
403 1683 521 1717 valens
539 1684 705 1717 audacem
722 1685 851 1718 fecerat
870 1685 1016 1729 Orphea.

162 1726 187 1760 J
189 1738 246 1760 am
262 1729 375 1773 rapidi
393 1733 562 1763 steterant
579 1741 707 1773 amnes,
725 1734 760 1763 et
777 1731 881 1764 turba
897 1731 1050 1766 ferarum
