1345 1927
82 61 148 92 224
391 56 659 90 P.V1RG1L11
687 54 901 89 MARONIS

83 125 190 158 Credo
207 123 378 167 equidem,
398 124 493 157 vivos
510 123 640 156 ducent
657 122 699 156 de
715 132 884 155 marmore
900 120 1042 155 vultus·
1033 146 1044 163 ,

84 171 246 204 Orabunt
263 180 382 202 causas
398 169 532 211 melius,
550 169 697 212 coelique
713 173 849 200 meatus
1139 167 1207 199 850

83 215 288 249 Describent
304 215 412 254 radio,
429 219 464 248 et
481 196 660 257 sui-gentia
678 213 790 246 sidera
807 213 948 246 dicent:

84 261 136 294 Tu
154 272 271 304 regere
288 260 432 304 imperio
450 260 604 304 popuIOS,
624 259 789 301 Romane,
806 261 1004 299 memento;

86 307 152 340 Hae
171 306 235 340 tibi
251 310 355 339 erunt
372 310 487 340 artes:
513 305 676 349 pacisque
693 305 868 348 imponere
884 314 1025 346 morem,

87 351 232 386 Parcere
249 351 325 395 subj
330 350 424 391 cetis,
442 354 477 383 et
494 349 664 382 debellare
681 348 877 393 superbos?

133 398 191 431 Sic
207 401 307 441 pater
311 364 501 437 JAncliises,
518 398 623 438 atque
640 394 714 427 haec
731 393 939 427 mirantibus
957 393 1084 434 addit;

86 443 251 491 “Aspice‚
270 447 311 475 ut
328 441 472 483 insignis
490 440 607 491 spoliis
624 439 811 473 Marcellus
828 439 952 483 opimis

89 485 302 528 Ingreditur,
320 485 502 527 victorque
519 485 609 517 viros
627 484 859 528 supereminet
875 495 1015 518 omnes,
1008 485 1014 507 ¹

89 530 159 564 Hic
175 541 247 563 rem
269 511 471 572 Romanam,
488 540 616 573 magno
633 529 798 562 turbante
814 529 982 572 tumultu,

89 576 207 618 Sistet,
225 586 328 619 eques
346 580 477 608 sternet
494 574 627 618 Poenos,
646 574 853 618 Gallumque
869 574 1041 618 rebellem,

90 621 275 664 Tertiaque
292 632 389 654 arma
406 620 498 664 patri
516 620 703 664 suspendet
720 624 822 664 capta
840 620 993 660 Quirino.
1145 622 1213 653 860

89 667 204 710 Atque
222 666 279 700 hic
296 666 540 700 AEneas—una
556 669 706 710 namque
722 666 772 698 ire
788 665 928 699 videbat

90 712 280 756 Egregium
297 712 407 745 forma
418 713 584 755 juvenem
601 716 636 745 et
652 711 870 754 fulgentibus
886 711 1000 755 armis,

91 757 132 791 S
118 741 158 791 §jd
174 758 268 790 frons
286 758 367 790 laeta
382 769 516 801 parum,
533 762 569 790 et
585 757 718 800 dejecto
734 757 868 790 lumina
884 757 1008 790 vultu:
1008 776 1056 782 —

94 802 219 843 ‘'Quis,
237 808 344 844 pater,
363 802 423 835 ille
440 803 555 835 virum
573 804 635 846 qui
652 803 701 835 sic
718 803 905 836 comitatur
922 801 1090 836 euntem?

94 847 216 888 Filius,
235 857 325 878 anne
342 845 468 889 aliquis
485 857 613 889 magna
630 846 672 879 de
690 846 796 890 stirpe
813 852 980 898 nepotum
994 847 1005 880 3

95 892 163 933 Qui
181 872 347 935 st’repitus
364 891 455 924 circa
473 892 662 924 comitum!
689 896 861 935 quantum
877 892 988 925 instar
999 893 1038 926 in
1053 893 1128 938 ipso
1141 893 1212 926 cst!

95 936 162 970 Sed
179 936 258 970 Nox
275 940 353 970 atra
370 942 476 980 caput
493 937 586 970 tristi
603 938 832 972 circumvolat
848 938 1002 972 umbras

94 982 182 1045 ιΤιιιᾙ
200 985 300 1026 pater
317 982 494 1024 Anchises,
512 983 687 1016 lacrimis
678 995 851 1027 ingressus
868 984 1018 1018 obortis:

94 1028 156 1061 “O
173 1031 265 1070 nate,
282 1027 461 1078 ingentem
478 1027 612 1062 luctum
629 1040 673 1062 ne
691 1040 804 1072 quaere
821 1034 987 1069 tuorum3

96 1071 289 1106 Ostendent
306 1072 405 1105 terris
422 1071 517 1104 hunc
535 1075 676 1104 tantum
692 1074 776 1115 f,ata
794 1083 906 1116 neque
923 1072 1017 1106 ultra
1149 1073 1216 1107 870

95 1117 179 1152 Esse
196 1117 320 1151 sinent.
373 1117 532 1150 Nimium
549 1116 644 1150 vobis
662 1117 819 1150 Romana
835 1129 987 1162 propago

96 1163 182 1197 Visa
198 1167 331 1207 potens,
335 1159 486 1215 Superi,
503 1163 643 1207 propria
659 1163 736 1196 haec
753 1163 781 1195 si
798 1162 890 1196 dona
905 1163 1063 1198 fuissent.

98 1209 253 1250 Quantos
269 1208 329 1242 ille
346 1208 463 1241 virum
478 1219 643 1252 magnam
660 1208 830 1241 Mavortis
846 1208 891 1242 ad
906 1208 1029 1242 urbem

98 1255 248 1299 Campus
265 1259 347 1298 aget
363 1254 537 1298 gemitus!
566 1254 621 1287 vel
639 1265 728 1298 quae,
746 1254 915 1298 Tiberine,
933 1254 1065 1288 videbis

98 1300 247 1344 Funera,
264 1311 374 1344 quum
390 1299 569 1333 tumulum
585 1300 826 1344 praeterlabere
842 1305 1016 1334 recentem
1032 1302 1039 1335 !

97 1346 171 1380 Nec
188 1357 275 1390 puer
293 1346 401 1379 Iliaca
418 1346 603 1390 quisquam
621 1346 663 1379 de
680 1350 785 1390 gente
802 1346 944 1380 Latinos

100 1392 144 1426 In
161 1396 301 1426 tantum
319 1403 378 1436 spe
395 1392 497 1425 tollet
514 1403 595 1425 avos
610 1404 619 1432 ;
643 1403 708 1425 nec
726 1392 874 1426 Romula
891 1392 1067 1436 quondam

99 1438 181 1471 Ullo
198 1449 233 1471 se
250 1442 391 1471 tantum
409 1437 513 1471 tellus
525 1437 676 1481 jactabit
692 1437 843 1471 alumno.

101 1483 182 1517 Heu
199 1483 321 1528 pietas,
338 1483 408 1517 heu
424 1484 537 1527 prisca
553 1483 648 1527 fides,
665 1484 866 1528 invictaque
882 1483 972 1517 bello

100 1529 280 1564 Dextera!
306 1541 376 1562 non
392 1529 446 1562 1111
463 1540 497 1562 se
515 1529 699 1574 quisquam
716 1529 860 1582 impune
877 1529 1014 1563 tulisset
1152 1531 1220 1564 880

102 1575 233 1609 Obvius
249 1579 394 1618 armato,
412 1587 472 1608 seu
489 1586 598 1619 quum
615 1575 719 1620 pedes
735 1575 802 1608 iret
818 1575 855 1608 in
871 1575 1015 1618 hostem,

102 1620 171 1655 Seu
188 1621 383 1665 spumantis
400 1621 481 1665 equi
497 1621 631 1655 foderet
647 1621 838 1655 calcaribus
855 1632 976 1655 armos.

103 1667 185 1700 Heu
201 1667 396 1700 miserande
412 1670 517 1720 puer!
545 1667 574 1700 si
591 1678 661 1710 qua
677 1667 752 1701 fata
768 1678 889 1711 aspera
903 1677 1054 1711 rumpas,

103 1711 158 1747 'ru
174 1712 362 1747 Marcellus
378 1714 454 1748 eris.
502 1712 666 1747 Manibus
683 1713 764 1747 date
779 1713 855 1747 lilia
869 1712 1006 1758 plenis:
