1345 1927
70 95 137 126 118
358 91 395 125 P.
422 89 625 124 VIRGILII
654 88 866 122 MARONIS

74 158 248 202 Substitit,
266 161 371 202 atque
389 160 487 190 utcro
505 156 657 190 sonitum
674 158 798 199 quater
814 165 911 187 arma
927 153 1059 187 dedere.

74 204 251 238 Instamus
265 207 385 237 tamen
403 203 618 236 immemores
635 201 785 244 caecique
802 200 927 243 furore,

73 250 120 283 Et
135 254 331 284 monstrum
348 249 471 282 infelix
489 252 624 281 sacrata
641 247 794 280 sistimus
810 256 897 279 arce.

74 295 171 329 Tunc
188 296 294 329 etiam
311 295 394 329 fatis
411 295 523 339 aperit
541 293 732 327 Cassandra
748 291 878 325 futuris

75 341 153 384 Ora,
171 342 227 375 dei
239 343 341 385 jussu
357 352 427 374 non
444 351 600 384 unquam
617 339 749 372 credita
766 337 914 371 Teucris.

74 387 145 421 Nos
163 387 308 421 delubra
324 387 429 420 deum
445 386 571 428 miseri,
591 385 716 428 quibus
734 383 880 417 ultimus
897 386 986 416 esset

75 433 141 467 Ille
159 433 240 476 dies,
258 433 348 467 festa
365 433 520 466 velamus
537 430 659 464 fronde
675 441 737 474 per
753 429 883 463 urbem.

75 479 235 512 Vertitur
250 479 384 512 interea
401 478 536 520 coelum,
555 480 590 510 et
605 476 678 509 ruit
695 486 821 509 oceano
837 486 917 517 nOX,
1126 475 1194 515 250

76 524 263 558 Involvens
280 524 404 557 umbra
419 534 549 566 magna
565 526 763 565 terramque
780 520 977 565 polumque,

75 569 406 614 Myrmidonumque
423 569 518 602 dolos
533 580 540 609 3
565 568 635 600 fusi
652 578 713 611 per
729 566 858 600 moenia
874 566 997 599 Teucri

76 616 280 650 Conticuere
295 628 304 657 ;
330 626 429 659 sopor
445 615 550 648 fessos
568 613 812 657 complectitur
829 615 935 645 artus.

126 661 143 676 “
156 662 201 694 Et
215 662 289 703 jam
308 661 438 702 Argiva
455 659 612 703 phalanx
629 657 810 691 instructis
826 657 973 690 navibus
989 656 1062 690 ibat

75 705 106 738 A
123 704 269 746 Tenedo,
286 704 403 737 tacitae
420 713 481 747 per
497 702 610 736 amica
626 701 765 735 silentia
781 701 874 734 lunae

75 750 193 784 Litora
209 754 293 784 nota
309 753 430 796 petens
446 761 454 789 ;
479 748 636 781 flammas
653 758 761 791 quum
778 746 874 790 regia
891 745 1018 790 puppis

76 796 271 839 Extulerat,
289 795 441 839 fatisque
458 794 562 827 deum
580 793 741 827 defensus
758 792 896 836 iniquis,

76 842 232 876 Inclusos
249 846 347 875 utero
365 841 503 874 Danaos
520 844 556 873 et
572 840 676 883 pinea
691 838 815 871 furtim

76 887 189 921 Laxat
206 888 359 921 claustra
376 887 492 920 Sinon.
534 886 616 918 Illos
633 885 830 929 patefactus
847 883 892 917 ad
909 894 1011 916 auras

76 934 206 967 Reddit
223 945 332 977 equus
347 946 355 973 ;
380 932 521 975 laetique
538 942 622 965 cavo
640 942 675 964 se
691 930 810 963 robore
826 933 992 974 promunt
1126 930 1193 962 260

76 979 312 1013 Thessandrus
331 978 584 1022 Sthenelusque
602 977 716 1019 duces,
735 980 770 1009 et
787 976 882 1008 dirus
901 975 1032 1017 Ulixes,

75 1025 273 1059 Demissum
290 1025 378 1069 lapsi
396 1036 457 1068 per
473 1023 604 1066 funem,
622 1023 848 1066 Acamasque,
865 1021 1056 1064 Thoasque,

76 1071 282 1116 Pelidesque
300 1070 556 1114 Neoptolemus,
574 1069 775 1113 primusque
793 1067 976 1110 Machaon,

76 1117 123 1151 Et
140 1117 331 1159 Menelaus,
349 1121 384 1149 et
401 1116 473 1160 ipse
491 1115 562 1148 doli
578 1114 767 1148 fabricator
783 1113 903 1157 Epeos.

77 1163 257 1197 Invadunt
273 1163 394 1196 urbem
411 1172 529 1195 somno
546 1161 696 1204 vinoque
714 1160 885 1203 sepultam
900 1171 908 1200 3

76 1209 267 1243 Caeduntur
284 1208 415 1251 vigiles,
432 1207 609 1251 portisque
625 1205 827 1250 patentibus
844 1215 961 1238 omnes

76 1255 265 1296 Accipiunt
283 1254 398 1296 socios,
416 1257 522 1296 atque
538 1252 679 1296 agmina
696 1251 832 1285 conscia
844 1252 1011 1294 jungunt.

125 1299 305 1342 “Tempus
323 1303 406 1339 erat,
425 1308 493 1341 quo
510 1297 623 1340 prima
640 1296 737 1339 quies
755 1295 957 1328 mortalibus
974 1295 1073 1340 aegris

76 1341 216 1386 Incipit,
234 1346 269 1375 et
286 1341 375 1374 dono
393 1341 514 1374 divum
530 1341 729 1384 gratissima
746 1341 862 1385 serpit.

76 1388 119 1421 In
137 1387 273 1430 somnis,
291 1398 379 1430 eece,
397 1390 479 1421 ante
497 1387 612 1420 oculos
629 1387 869 1420 maestissimus
887 1387 1018 1421 Hector
1127 1387 1194 1423 270

77 1434 180 1467 Visus
197 1434 314 1467 adesse
331 1433 428 1476 mihi,
446 1433 627 1476 largosque
644 1433 820 1466 effundere
837 1433 949 1476 fletus,

76 1479 250 1523 Raptatus
267 1479 358 1522 bigis
375 1482 417 1512 ut
434 1479 619 1522 quondam,
638 1483 780 1523 aterque
797 1483 941 1512 cruento

74 1525 233 1567 Pulvere,
251 1536 380 1569 perque
397 1525 501 1569 pedes
519 1526 687 1568 trajectus
704 1524 777 1558 lora
793 1529 978 1559 tumentes

75 1571 144 1604 Hei
161 1571 258 1614 mihi,
277 1571 392 1615 qualis
409 1574 483 1604 erat
498 1571 505 1604 Ξ
533 1574 705 1614 quantum
721 1574 880 1604 mutatus
897 1569 941 1604 ab
957 1570 1018 1604 illo

75 1617 234 1660 Hectore,
253 1617 313 1661 qui
329 1616 420 1650 redit
437 1616 582 1650 exuvias
600 1616 745 1650 indutus
762 1616 903 1659 Achilli,

75 1663 140 1696 Vel
158 1663 321 1696 Danaum
339 1662 510 1706 Phrygios
523 1662 702 1706 jaculatus
719 1662 895 1706 puppibus
912 1661 1031 1706 ignes!

74 1708 300 1752 Squalentem
316 1708 470 1751 barbam,
488 1711 523 1741 et
540 1712 716 1741 concretos
734 1707 902 1751 sangiune
920 1708 1041 1751 crines,

76 1753 298 1799 Vulneraque
315 1754 376 1788 issa
392 1765 524 1799 gerelm,
542 1765 619 1799 quae
637 1754 768 1788 circum
784 1754 936 1798 plurima
952 1765 1068 1788 muros
