1320 1932
555 81 833 116 OATALEOTA.
1182 85 1246 117 411

225 149 368 183 Comata
384 149 482 192 00113,
499 160 614 192 nequa
631 149 817 192 sordidum,
830 150 918 193 jugo
1206 151 1248 183 10

223 194 416 237 Premente,
434 195 522 228 dura
538 194 666 227 vulnus
684 194 801 227 ederet
813 194 909 237 juba.

223 240 391 274 Cremona
406 240 544 284 frigida,
561 244 597 273 et
613 239 728 273 lutosa
745 240 868 282 Gallia,

222 285 300 318 Tibi
317 286 392 319 haec
408 287 524 328 fuisse,
542 289 577 319 et
593 296 674 328 esse,
692 285 930 328 cognitissima

222 331 284 364 Ajt
301 331 467 365 Sabinus:
492 331 618 364 ultima
635 342 678 363 ex
695 331 828 374 origine

222 377 297 410 Tua
314 377 449 410 stetisse
466 377 552 410 dicit
568 377 606 409 in
623 377 796 420 voragine,

222 422 297 455 Tua
312 423 350 455 in
366 423 494 466 palude
511 422 708 465 deposuisse
725 422 887 465 sarcina3‚

221 467 268 501 Et
284 468 366 501 inde
382 472 435 501 tot
452 479 513 512 per
529 468 679 500 orbitosa
695 468 808 501 millia

221 513 356 556 Jugum
374 514 514 554 tulisse3
538 513 638 556 laeva,
657 513 728 546 sive
745 513 898 557 dextera,

222 558 375 602 Strigare
391 559 513 601 mulas,
532 559 603 591 sive
620 559 797 603 utrimque
813 562 972 603 coeperat.

222 604 342 648 Neque
358 604 433 638 ulla
449 609 529 638 vota
547 604 760 637 semitalibus
777 604 850 637 deis
1205 606 1251 639 ‘20

223 649 296 683 Sibi
313 661 384 683 esse
400 651 504 693 facta,
522 654 663 694 propter
679 650 743 683 hoc
760 650 995 693 novissimum,

222 695 374 729 Paterna
389 695 472 738 lora,
489 696 756 740 proximumque
773 697 956 739 pectinem.

222 741 289 774 Sed
306 741 381 774 haec
397 742 494 785 prius
511 741 624 774 fuere.
651 753 746 774 nunc
763 741 916 775 eburnea

222 786 394 830 Sedetque
412 787 500 829 sede,
519 798 623 830 seque
640 787 779 831 dedicat
795 787 870 829 tibi,

224 832 375 866 Gemelle
393 833 520 875 Castor,
538 837 574 866 et
592 824 744 866 Gemelle
761 833 919 867 Castoris.

499 925 558 958 IX.
584 924 648 958 AD
675 924 880 958 VARIUWI.

130 1004 270 1040 Scilicet
286 1004 351 1039 hoc
368 1005 441 1038 sine
457 1005 591 1047 fraude,
609 1005 693 1038 Vari
711 1004 919 1047 dulcissime,
937 1005 1072 1040 dicam:

177 1051 388 1096 Dispeream,
405 1051 473 1084 nisi
489 1063 544 1084 me
560 1051 714 1095 perdidit
732 1051 797 1083 iste
813 1055 930 1094 putus.

131 1096 192 1130 Sin
209 1101 326 1130 autem
343 1102 518 1141 praecepta
535 1101 656 1130 vetant
673 1108 728 1129 me
746 1096 879 1136 dicere;
905 1107 996 1139 sane,

179 1142 258 1176 Non
276 1143 399 1176 dica-m.
447 1142 514 1175 Sed
530 1154 586 1175 me
603 1142 757 1186 perdidit
773 1142 840 1175 ist-e
856 1153 952 1186 puer.

403 1231 444 1265 X.
469 1231 533 1264 AD
560 1231 742 1265 VILLAM
768 1231 978 1265 SYRONIS.

134 1310 276 1350 villula,
293 1323 370 1355 quae
389 1311 528 1355 Syronis
545 1323 629 1355 eras,
647 1316 682 1344 et
699 1322 832 1355 pauper
848 1311 969 1354 agelle,

180 1357 311 1390 Verum
326 1357 380 1390 1111
397 1358 535 1390 domino
552 1362 593 1390 tu
611 1368 748 1400 quoque
765 1357 917 1390 divitiae:

133 1402 192 1435 Me
209 1403 284 1445 tibi,
302 1407 337 1436 et
353 1403 414 1436 hos
430 1414 503 1436 una
518 1414 664 1444 mecum,
682 1407 717 1435 et
734 1414 819 1446 quos
837 1413 970 1446 semper
986 1401 1112 1446 amavi,

180 1448 216 1480 Si
233 1448 317 1492 quid
334 1449 376 1482 de
393 1449 507 1492 patria
524 1448 659 1481 tristius
676 1448 827 1490 audiero,

131 1494 351 1537 Commendo,
369 1494 405 1526 in
422 1494 610 1538 primisque
627 1499 771 1538 patrem.
819 1475 874 1526 'Tu
890 1504 985 1526 nunc
1002 1493 1068 1526 eris
1084 1492 1149 1537 illi,

180 1539 332 1573 Mantua
348 1539 441 1583 quod
458 1540 584 1582 fuerat,
602 1539 764 1583 quodque
783 1539 949 1572 Cremona
966 1539 1071 1582 prius.

285 1625 346 1659 XI.
394 1626 458 1659 AD
485 1626 531 1659 M.
550 1626 800 1659 VALERIUM
824 1626 1089 1663 MESSALAM.

136 1695 253 1729 Pauca
269 1697 368 1730 mihi.
385 1697 486 1730 niveo
503 1698 562 1730 sed
579 1709 648 1730 non
665 1697 844 1741 incognita
861 1697 1002 1742 Phoebo,

182 1741 297 1777 Pauca
312 1744 409 1784 mihi,
429 1745 546 1785 doctae,
566 1745 681 1785 dicite,
701 1745 897 1788 Pegasides.
