1345 1927
96 54 164 87 408
407 53 446 89 P.
472 54 677 88 VIRGILII
702 55 918 91 MARONIS

423 144 491 180 111.
517 145 570 180 IN
595 145 887 182 NOCTUINUM.

185 224 298 269 Socer,
314 225 415 260 beate
431 238 495 261 nec
512 226 577 261 tibi
594 239 658 262 nec
675 228 786 271 alteri,

189 271 369 316 Generque
386 272 570 316 Noctuine,
586 274 752 317 putidum
769 277 885 318 caput,

186 316 305 351 'suone
322 329 416 351 nunc
432 319 551 362 puella
567 319 657 361 talis,
674 319 746 353 heu
762 323 824 353 tuo

188 361 337 406 Stupore
354 375 471 408 pressa
487 375 546 398 rus
564 363 700 398 abibit?
750 365 819 398 Hei
836 364 943 400 mihi!

185 408 236 442 Ut
251 409 311 442 ille
327 421 446 443 versus
461 421 711 454 usquequaque
727 411 897 455 pertinet:

186 453 298 489 Gener
315 466 486 500 socerque,
502 456 703 500 perdidistis
720 457 844 492 omnia.

462 551 526 586 IV.
552 551 606 586 IN
629 552 843 588 EUNDEM.

184 625 338 671 Superbe
355 627 539 672 Noctuine,
556 630 721 673 putidum
738 634 854 675 caput,

183 671 299 706 Datur
315 672 381 706 tibi
397 674 525 718 puella,
541 686 647 718 quam
664 676 762 720 petis,
781 677 905 719 datm-3

183 717 307 762 Datur,
325 719 470 763 superbe
487 720 672 764 Noctuine,
689 732 794 766 quam
810 723 910 766 petis.

183 763 260 806 Sed,
278 775 297 797 o
315 765 460 809 superbe
476 765 661 810 Noctuine,
677 778 748 801 non
764 768 861 802 vides

182 808 281 844 Duas
298 809 424 844 habere
439 810 529 845 filias
546 811 705 855 Atilium,
833 845 848 858 ,

182 854 290 898 Duas,
308 859 343 889 et
360 856 461 900 hanc,
479 860 513 890 et
530 857 685 900 alteram,
703 858 768 892 tibi
785 858 870 893 dari.

182 899 312 934 Adeste
328 913 432 945 nunc,
450 902 576 945 adeste,
595 903 701 946 ducit,
720 908 760 937 ut
777 904 885 948 decet,

183 945 367 991 Superbus,
385 958 472 990 ecce,
490 948 685 982 Noctuinus
701 949 870 984 herniam.

182 991 360 1028 Thalassio
371 994 378 1027 Ξ
405 993 582 1028 Thalassio
593 995 600 1027 ἔ
627 994 822 1029 Thalassio!

479 1088 520 1123 V.
546 1089 600 1123 IN
623 1089 817 1126 LUCIUM.

181 1166 207 1200 J
208 1178 306 1201 acere
322 1179 388 1212 me,
406 1169 497 1212 quod
513 1169 587 1203 alta
603 1182 672 1204 non
688 1172 826 1216 possim,
843 1176 957 1218 putas,

226 1213 276 1247 Ut
292 1217 384 1258 ante,
401 1215 532 1248 vectari
548 1216 639 1250 freta
647 1229 656 1258 ;

180 1257 214 1292 N
216 1269 254 1292 ec
270 1259 359 1293 ferre
377 1259 504 1293 durum
521 1261 641 1305 frigus,
659 1266 721 1296 aut
739 1267 863 1298 aestum
879 1265 965 1310 pati,

226 1303 348 1348 Neque
365 1316 462 1339 arma
478 1306 618 1341 victoris
635 1309 742 1353 sequi.

180 1348 320 1393 Valent,
337 1351 456 1385 valent
472 1352 559 1385 mihi
575 1353 628 1387 ira
644 1358 680 1387 et
696 1355 862 1400 antiquus
879 1357 975 1391 furor

225 1395 272 1429 Et
287 1396 420 1440 lingua,
438 1408 509 1441 qua
524 1398 636 1432 adsim
652 1399 726 1434 tibi.

178 1439 227 1474 Et
267 1443 440 1476 rostitutae
457 1447 560 1488 turpe
577 1446 844 1480 contubernium

225 1453 364 1522 Sldroris.
414 1488 442 1522 Ο
459 1490 543 1533 quid
560 1501 615 1523 me
632 1491 780 1525 incitas?

180 1531 281 1576 Quid,
298 1533 483 1577 impudice,
501 1538 536 1568 et
552 1535 778 1580 improbande
796 1537 944 1573 Caesari?

224 1577 292 1611 Sed
308 1579 405 1613 furta
421 1580 583 1614 dicantur
598 1586 669 1625 tua,
1161 1588 1204 1620 10

178 1621 225 1656 Et
241 1623 383 1658 heluato
400 1637 474 1659 sera
490 1627 698 1670 patrimonio

225 1668 269 1701 In
285 1669 393 1704 fratre
409 1672 620 1715 parsimonia
629 1685 638 1713 3

179 1712 245 1748 Vel
261 1719 340 1748 acta
356 1727 462 1759 puero
479 1728 559 1750 cum
575 1718 657 1751 viris
674 1718 843 1764 convivia,

224 1759 380 1805 Udaeque
396 1773 457 1806 per
474 1774 633 1796 somnum
649 1766 747 1798 nates
755 1776 767 1806 3
