1330 1932
422 94 640 128 AENEIDOS
664 95 749 128 LIB.
777 96 836 130 VI.
1121 100 1184 132 221

74 162 256 208 Suspensae
273 163 317 196 ad
335 166 478 203 vent0s;
502 162 579 195 aliis
597 162 660 195 sub
676 163 815 215 gurgite
832 167 929 196 vasto

74 209 248 242 Infectum
265 209 396 241 eluitur
413 189 532 251 scelus,
548 212 612 241 aut
628 209 787 242 exuritur
803 209 900 252 igni,

75 254 227 298 Quisque
243 265 321 287 suos
338 254 493 298 patimur
508 265 649 294 manes;
674 254 801 287 exinde
816 265 877 298 per
893 254 1050 298 amplum

73 299 251 333 Mittimur
267 299 436 343 Elysium,
455 303 490 332 et
505 299 610 342 pauci
626 299 707 332 laeta
724 311 807 333 arva
823 304 1002 333 tenemus:

73 345 190 378 Donec
206 345 310 388 longa
327 345 409 387 dies,
426 345 579 388 perfecto
596 345 759 389 temporis
776 345 866 388 orbe,

74 390 278 423 Concretam
294 371 425 423 exemit
440 390 563 432 labem,
581 401 777 442 purumque
793 391 936 442 reliquit

72 436 273 469 AEtherium
289 447 437 478 sensum,
455 440 560 479 atque
576 438 677 469 aurai
695 436 886 480 simplicis
877 447 1003 479 ignem.

73 481 148 514 Has
164 492 290 524 01111165,
307 481 368 514 ubi
383 481 480 514 mille
496 487 609 514 rotam
625 481 761 514 volvere
777 493 839 525 per
854 493 972 525 annos,

72 526 252 560 Lethaeum
270 527 314 560 ad
330 526 477 560 fluvium
494 527 578 559 deus
595 531 715 560 evocat
733 527 871 570 agmine
887 539 1034 571 magno·
1028 554 1034 562 .

73 572 212 606 Scilicet
228 573 451 614 immemores,
470 583 594 616 supera
608 578 651 606 ut
668 584 822 606 convexa
837 573 990 606 revisant
1122 575 1188 609 750

74 618 216 661 Rursus,
233 622 269 651 et
285 618 457 661 incipiant
474 618 512 650 in
529 629 670 662 corpora
688 618 776 651 velle
792 617 945 651 reverti?

73 663 220 697 Dixerat
237 663 404 696 Anchises
418 676 427 704 3
451 668 643 706 natumque
660 675 799 707 unaque
817 663 985 707 Sibyllam

21 737 28 742 .
75 709 273 742 Conventus
289 709 399 742 trahit
415 709 453 742 in
468 709 607 751 medios,
626 709 833 753 turbamque
850 714 1030 742 sonantem
1044 722 1050 743 :

74 754 121 787 Et
139 755 316 788 tumulum
333 755 436 798 capit,
454 755 547 787 unde
564 766 681 787 omnes
698 754 801 797 longo
818 755 937 787 ordine
954 755 1061 798 possit

75 800 246 833 Adversos
262 800 385 842 legere,
402 805 438 832 et
454 800 657 833 venientum
675 799 804 832 discere
821 799 950 832 vultus.

119 845 252 879 “Nunc
275 855 348 887 age,
367 844 585 878 Dardaniam
601 844 733 888 prolem
752 853 826 886 quae
846 844 971 877 deinde
988 849 1154 888 sequatur

77 889 202 932 Gloria,
219 889 280 933 qui
296 892 462 921 maneant
479 888 572 921 Itala
589 888 631 920 de
648 892 753 930 gent-e
770 892 921 931 nepotes,

77 935 234 968 Illustres
251 935 393 968 311111135.
410 938 635 976 nostrumque
651 933 689 965 in
706 944 831 966 nomen
847 933 967 976 ituras,

76 980 270 1025 Expediam
287 980 399 1023 dictis,
416 984 451 1012 et
468 983 503 1012 te
519 983 582 1012 tua
598 979 673 1011 fata
691 977 826 1011 docebo

77 1026 152 1069 Ille,
167 1026 273 1069 vides,
290 1037 378 1070 pura
390 1025 530 1069 juvenis
548 1024 609 1068 qui
625 1024 754 1057 nititur
769 1024 880 1066 hasta,
1125 1023 1190 1057 760

77 1070 240 1104 Proxima
257 1061 347 1104 sorte
363 1074 460 1104 tenet
476 1071 564 1103 lucis
581 1070 665 1112 loca,
683 1070 816 1113 primus
833 1069 877 1102 ad
894 1080 996 1103 auras

77 1117 252 1150 AEtherias
270 1117 360 1150 Italo
377 1117 586 1150 commixtus
603 1115 773 1159 5311911116
790 1119 908 1158 surget

78 1162 216 1205 Silvius,
233 1162 410 1195 Albanum
425 1173 561 1204 nomen,
578 1166 641 1194 tua
657 1166 819 1206 postuma
835 1161 968 1204 proles:

79 1208 189 1250 Quem
205 1208 271 1242 tibi
286 1208 442 1252 longaevo
459 1219 572 1240 serum
589 1207 735 1240 Lavinia
752 1208 880 1250 conjux

79 1254 215 1287 Educet
231 1254 325 1287 silvis
340 1264 467 1297 regem,
483 1263 675 1296 regumque
691 1258 892 1296 parentem:

80 1300 181 1332 Unde
198 1310 306 1343 genus
323 1299 442 1342 Longa
457 1304 616 1331 nostrum
633 1298 868 1331 dominabitur
885 1297 983 1330 Alba.

81 1345 264 1378 Proximus
281 1345 341 1378 ille
357 1344 492 1387 Procas,
509 1344 666 1387 ΤΙ-0331136
682 1343 792 1387 gloria
808 1343 931 1386 gentis,

82 1391 128 1424 Et
146 1390 267 1434 Capys,
285 1394 320 1424 et
336 1390 508 1433 Numitor,
525 1394 560 1422 et
577 1390 638 1433 qui
654 1395 690 1422 te
706 1389 846 1422 nomine
862 1388 985 1421 reddet

81 1436 211 1470 Silvius
227 1435 363 1479 AEneas,
381 1436 511 1479 pariter
527 1435 658 1479 pietate
676 1435 731 1468 vel
747 1434 852 1467 armis

82 1482 261 1526 Egregius,
279 1482 308 1514 si
324 1492 481 1525 unquam
496 1481 711 1524 regnandam
727 1480 900 1524 acceperit
916 1479 1050 1514 Albam.
1131 1479 1197 1514 770

84 1528 154 1569 Qui
164 1528 331 1571 juvenes!
358 1530 508 1571 quantas
524 1530 712 1569 ostentant,
730 1526 855 1570 aspice,
872 1526 962 1558 vires
978 1527 984 1558 !

83 1574 141 1616 At,
159 1573 220 1617 qui
236 1573 398 1606 umbrata
414 1576 541 1616 gerunt
557 1572 653 1605 civili
669 1576 825 1615 tempora
842 1583 981 1615 quercu,

85 1619 136 1652 Hi
151 1619 218 1652 tibi
234 1619 457 1661 Nomentum,
474 1622 510 1651 et
527 1617 661 1660 Gabios,
677 1617 867 1661 urbemque
884 1617 1062 1660 Fidenam,

86 1665 136 1698 Hi
153 1665 342 1698 Collatinas
358 1664 539 1708 imponent
553 1645 730 1697 montibus
747 1674 852 1705 arces,

86 1710 221 1755 [Laude
237 1710 415 1755 pudicitiae
434 1709 592 1753 celebres,
610 1709 809 1757 addentque
826 1706 1003 1752 superbos]

88 1756 271 1800 Pometios,
289 1756 519 1800 Castrumque
537 1755 629 1799 Inui,
646 1753 847 1799 Bolamque,
866 1754 1063 1798 Coramque.
