<?xml version="1.0" encoding="UTF-8"?>
<!DOCTYPE html PUBLIC "-//W3C//DTD XHTML 1.0 Transitional//EN"
    "http://www.w3.org/TR/xhtml1/DTD/xhtml1-transitional.dtd">
<html xmlns="http://www.w3.org/1999/xhtml" xml:lang="en" lang="en">
 <head>
  <title>
</title>
<meta http-equiv="Content-Type" content="text/html;charset=utf-8" />
  <meta name='ocr-system' content='tesseract 3.04.00' />
  <meta name='ocr-capabilities' content='ocr_page ocr_carea ocr_par ocr_line ocrx_word'/>
</head>
<body>
  <div class='ocr_page' id='page_1' title='image "./operaomnia00virguoft/operaomnia00virguoft_0039.png"; bbox 0 0 1345 1927; ppageno 0'>
   <div class='ocr_carea' id='block_1_1' title="bbox 430 66 1199 101">
    <p class='ocr_par' dir='ltr' id='par_1_1' title="bbox 430 66 1199 101">
     <span class='ocr_line' id='line_1_1' title="bbox 430 66 1199 101; baseline -0.003 -1"><span class='ocrx_word' id='word_1_1' title='bbox 430 66 699 101; x_wconf 82' lang='lat' dir='ltr'>GEORGICON</span> <span class='ocrx_word' id='word_1_2' title='bbox 723 67 812 101; x_wconf 88' lang='lat' dir='ltr'><strong>LIB.</strong></span> <span class='ocrx_word' id='word_1_3' title='bbox 838 67 865 100; x_wconf 90' lang='grc' dir='ltr'>Ι.</span> <span class='ocrx_word' id='word_1_4' title='bbox 1159 68 1199 99; x_wconf 86' lang='grc'>31</span> 
     </span>
    </p>
   </div>
   <div class='ocr_carea' id='block_1_2' title="bbox 64 133 1201 1769">
    <p class='ocr_par' dir='ltr' id='par_1_2' title="bbox 64 133 1201 1769">
     <span class='ocr_line' id='line_1_2' title="bbox 81 133 897 177; baseline -0.004 -8"><span class='ocrx_word' id='word_1_5' title='bbox 81 134 252 169; x_wconf 74' lang='lat' dir='ltr'>Continuo</span> <span class='ocrx_word' id='word_1_6' title='bbox 268 134 306 167; x_wconf 84' lang='lat' dir='ltr'>in</span> <span class='ocrx_word' id='word_1_7' title='bbox 323 134 417 167; x_wconf 85' lang='lat' dir='ltr'>silvis</span> <span class='ocrx_word' id='word_1_8' title='bbox 433 145 561 177; x_wconf 85' lang='lat' dir='ltr'>magna</span> <span class='ocrx_word' id='word_1_9' title='bbox 577 134 613 167; x_wconf 89' lang='lat' dir='ltr'>vi</span> <span class='ocrx_word' id='word_1_10' title='bbox 628 133 719 167; x_wconf 79' lang='lat' dir='ltr'>flexa</span> <span class='ocrx_word' id='word_1_11' title='bbox 736 133 897 167; x_wconf 87' lang='lat' dir='ltr'>domatur</span> 
     </span>
     <span class='ocr_line' id='line_1_3' title="bbox 81 179 1201 223; baseline 0 -9"><span class='ocrx_word' id='word_1_12' title='bbox 81 181 125 214; x_wconf 93' lang='lat' dir='ltr'>In</span> <span class='ocrx_word' id='word_1_13' title='bbox 142 181 256 214; x_wconf 89' lang='lat' dir='ltr'>burim</span> <span class='ocrx_word' id='word_1_14' title='bbox 272 184 307 213; x_wconf 90' lang='lat' dir='ltr'>et</span> <span class='ocrx_word' id='word_1_15' title='bbox 324 180 421 213; x_wconf 76' lang='lat' dir='ltr'>curvi</span> <span class='ocrx_word' id='word_1_16' title='bbox 437 180 583 212; x_wconf 86' lang='lat' dir='ltr'>formam</span> <span class='ocrx_word' id='word_1_17' title='bbox 600 180 726 223; x_wconf 86' lang='lat' dir='ltr'>accipit</span> <span class='ocrx_word' id='word_1_18' title='bbox 743 179 858 212; x_wconf 86' lang='lat' dir='ltr'>ulmus</span> <span class='ocrx_word' id='word_1_19' title='bbox 876 180 982 213; x_wconf 88' lang='lat' dir='ltr'>aratri</span> <span class='ocrx_word' id='word_1_20' title='bbox 997 192 1006 221; x_wconf 91' lang='lat'>;</span> <span class='ocrx_word' id='word_1_21' title='bbox 1137 181 1201 214; x_wconf 79' lang='lat'>170</span> 
     </span>
     <span class='ocr_line' id='line_1_4' title="bbox 79 225 929 270; baseline -0.002 -11"><span class='ocrx_word' id='word_1_22' title='bbox 79 226 174 259; x_wconf 92' lang='lat' dir='ltr'>Huic</span> <span class='ocrx_word' id='word_1_23' title='bbox 191 237 212 259; x_wconf 90' lang='lat' dir='ltr'>a</span> <span class='ocrx_word' id='word_1_24' title='bbox 228 226 333 270; x_wconf 87' lang='lat' dir='ltr'>stirpe</span> <span class='ocrx_word' id='word_1_25' title='bbox 350 226 453 269; x_wconf 88' lang='lat' dir='ltr'>pedes</span> <span class='ocrx_word' id='word_1_26' title='bbox 470 229 561 258; x_wconf 89' lang='lat' dir='ltr'>temo</span> <span class='ocrx_word' id='word_1_27' title='bbox 578 229 760 269; x_wconf 75' lang='lat' dir='ltr'>protentus</span> <span class='ocrx_word' id='word_1_28' title='bbox 776 225 813 257; x_wconf 94' lang='lat' dir='ltr'>in</span> <span class='ocrx_word' id='word_1_29' title='bbox 830 230 906 258; x_wconf 90' lang='lat' dir='ltr'>octo</span> <span class='ocrx_word' id='word_1_30' title='bbox 920 237 929 266; x_wconf 80' lang='lat'><em>3</em></span> 
     </span>
     <span class='ocr_line' id='line_1_5' title="bbox 77 271 931 314; baseline -0.002 -9"><span class='ocrx_word' id='word_1_31' title='bbox 77 272 176 305; x_wconf 83' lang='lat' dir='ltr'>Binae</span> <span class='ocrx_word' id='word_1_32' title='bbox 193 283 301 314; x_wconf 80' lang='lat' dir='ltr'>aures,</span> <span class='ocrx_word' id='word_1_33' title='bbox 320 271 452 314; x_wconf 84' lang='lat' dir='ltr'>duplici</span> <span class='ocrx_word' id='word_1_34' title='bbox 468 275 637 314; x_wconf 85' lang='lat' dir='ltr'>aptantur</span> <span class='ocrx_word' id='word_1_35' title='bbox 653 271 808 303; x_wconf 80' lang='lat' dir='ltr'>dentalia</span> <span class='ocrx_word' id='word_1_36' title='bbox 825 271 931 304; x_wconf 87' lang='lat' dir='ltr'>dorso.</span> 
     </span>
     <span class='ocr_line' id='line_1_6' title="bbox 79 316 972 360; baseline -0.001 -10"><span class='ocrx_word' id='word_1_37' title='bbox 79 317 233 350; x_wconf 77' lang='lat' dir='ltr'>Caeditur</span> <span class='ocrx_word' id='word_1_38' title='bbox 249 321 284 349; x_wconf 90' lang='lat' dir='ltr'>et</span> <span class='ocrx_word' id='word_1_39' title='bbox 302 316 379 349; x_wconf 88' lang='lat' dir='ltr'>tilia</span> <span class='ocrx_word' id='word_1_40' title='bbox 395 320 477 349; x_wconf 86' lang='lat' dir='ltr'>ante</span> <span class='ocrx_word' id='word_1_41' title='bbox 488 318 574 360; x_wconf 83' lang='lat' dir='ltr'>jugo</span> <span class='ocrx_word' id='word_1_42' title='bbox 591 317 686 359; x_wconf 79' lang='lat' dir='ltr'>levis,</span> <span class='ocrx_word' id='word_1_43' title='bbox 704 316 845 359; x_wconf 86' lang='lat' dir='ltr'>altaque</span> <span class='ocrx_word' id='word_1_44' title='bbox 862 317 972 360; x_wconf 81' lang='lat' dir='ltr'>fagus,</span> 
     </span>
     <span class='ocr_line' id='line_1_7' title="bbox 77 362 942 406; baseline -0.001 -10"><span class='ocrx_word' id='word_1_45' title='bbox 77 362 255 406; x_wconf 84' lang='lat' dir='ltr'>Stivaque,</span> <span class='ocrx_word' id='word_1_46' title='bbox 275 373 350 406; x_wconf 80' lang='lat' dir='ltr'>quae</span> <span class='ocrx_word' id='word_1_47' title='bbox 368 373 488 395; x_wconf 62' lang='lat' dir='ltr'>currus</span> <span class='ocrx_word' id='word_1_48' title='bbox 505 373 526 394; x_wconf 90' lang='lat' dir='ltr'>a</span> <span class='ocrx_word' id='word_1_49' title='bbox 542 366 638 405; x_wconf 81' lang='lat' dir='ltr'>tergo</span> <span class='ocrx_word' id='word_1_50' title='bbox 656 366 816 405; x_wconf 88' lang='lat' dir='ltr'>torqueat</span> <span class='ocrx_word' id='word_1_51' title='bbox 833 362 918 395; x_wconf 86' lang='lat' dir='ltr'>imos</span> <span class='ocrx_word' id='word_1_52' title='bbox 933 374 942 403; x_wconf 87' lang='lat'>;</span> 
     </span>
     <span class='ocr_line' id='line_1_8' title="bbox 76 407 860 452; baseline -0.001 -11"><span class='ocrx_word' id='word_1_53' title='bbox 76 408 124 441; x_wconf 84' lang='lat' dir='ltr'>Et</span> <span class='ocrx_word' id='word_1_54' title='bbox 141 420 306 452; x_wconf 86' lang='lat' dir='ltr'>suspensa</span> <span class='ocrx_word' id='word_1_55' title='bbox 321 408 405 440; x_wconf 87' lang='lat' dir='ltr'>focis</span> <span class='ocrx_word' id='word_1_56' title='bbox 423 407 580 451; x_wconf 73' lang='lat' dir='ltr'>explorat</span> <span class='ocrx_word' id='word_1_57' title='bbox 596 407 717 440; x_wconf 89' lang='lat' dir='ltr'>robora</span> <span class='ocrx_word' id='word_1_58' title='bbox 733 407 860 441; x_wconf 86' lang='lat' dir='ltr'>fumus.</span> 
     </span>
     <span class='ocr_line' id='line_1_9' title="bbox 123 453 994 497; baseline 0.001 -11"><span class='ocrx_word' id='word_1_59' title='bbox 123 454 267 487; x_wconf 84' lang='lat' dir='ltr'>Possum</span> <span class='ocrx_word' id='word_1_60' title='bbox 282 453 396 486; x_wconf 85' lang='lat' dir='ltr'>multa</span> <span class='ocrx_word' id='word_1_61' title='bbox 412 453 479 486; x_wconf 89' lang='lat' dir='ltr'>tibi</span> <span class='ocrx_word' id='word_1_62' title='bbox 495 457 652 486; x_wconf 82' lang='lat' dir='ltr'>veterum</span> <span class='ocrx_word' id='word_1_63' title='bbox 669 458 843 497; x_wconf 84' lang='lat' dir='ltr'>praecepta</span> <span class='ocrx_word' id='word_1_64' title='bbox 858 453 994 497; x_wconf 87' lang='lat' dir='ltr'>referre,</span> 
     </span>
     <span class='ocr_line' id='line_1_10' title="bbox 74 498 943 543; baseline -0.001 -11"><span class='ocrx_word' id='word_1_65' title='bbox 74 498 123 532; x_wconf 81' lang='lat' dir='ltr'>Ni</span> <span class='ocrx_word' id='word_1_66' title='bbox 140 499 279 542; x_wconf 82' lang='lat' dir='ltr'>refugis,</span> <span class='ocrx_word' id='word_1_67' title='bbox 297 504 486 542; x_wconf 77' lang='lat' dir='ltr'>tenuesque</span> <span class='ocrx_word' id='word_1_68' title='bbox 503 499 599 543; x_wconf 84' lang='lat' dir='ltr'>piget</span> <span class='ocrx_word' id='word_1_69' title='bbox 616 510 817 542; x_wconf 81' lang='lat' dir='ltr'>cognoscere</span> <span class='ocrx_word' id='word_1_70' title='bbox 835 510 943 532; x_wconf 86' lang='lat' dir='ltr'>curas.</span> 
     </span>
     <span class='ocr_line' id='line_1_11' title="bbox 75 544 911 588; baseline 0 -11"><span class='ocrx_word' id='word_1_71' title='bbox 75 544 166 578; x_wconf 77' lang='lat' dir='ltr'>Area</span> <span class='ocrx_word' id='word_1_72' title='bbox 183 556 262 577; x_wconf 88' lang='lat' dir='ltr'>cum</span> <span class='ocrx_word' id='word_1_73' title='bbox 278 545 399 588; x_wconf 87' lang='lat' dir='ltr'>primis</span> <span class='ocrx_word' id='word_1_74' title='bbox 415 545 550 588; x_wconf 77' lang='lat' dir='ltr'>ingenti</span> <span class='ocrx_word' id='word_1_75' title='bbox 568 545 739 588; x_wconf 80' lang='lat' dir='ltr'>aequanda</span> <span class='ocrx_word' id='word_1_76' title='bbox 756 545 911 588; x_wconf 73' lang='lat' dir='ltr'>cylindro</span> 
     </span>
     <span class='ocr_line' id='line_1_12' title="bbox 70 590 928 634; baseline 0 -11"><span class='ocrx_word' id='word_1_77' title='bbox 70 590 121 623; x_wconf 44' lang='lat' dir='ltr'>*Et</span> <span class='ocrx_word' id='word_1_78' title='bbox 138 590 304 624; x_wconf 80' lang='lat' dir='ltr'>vertenda</span> <span class='ocrx_word' id='word_1_79' title='bbox 320 602 427 623; x_wconf 87' lang='lat' dir='ltr'>manu</span> <span class='ocrx_word' id='word_1_80' title='bbox 444 595 479 623; x_wconf 87' lang='lat' dir='ltr'>et</span> <span class='ocrx_word' id='word_1_81' title='bbox 496 595 590 623; x_wconf 88' lang='lat' dir='ltr'>creta</span> <span class='ocrx_word' id='word_1_82' title='bbox 607 590 786 623; x_wconf 84' lang='lat' dir='ltr'>solidanda</span> <span class='ocrx_word' id='word_1_83' title='bbox 803 590 928 634; x_wconf 88' lang='lat' dir='ltr'>tenaci,</span> 
     </span>
     <span class='ocr_line' id='line_1_13' title="bbox 73 635 1196 679; baseline 0.003 -11"><span class='ocrx_word' id='word_1_84' title='bbox 73 635 127 669; x_wconf 88' lang='lat' dir='ltr'>Ne</span> <span class='ocrx_word' id='word_1_85' title='bbox 145 636 290 669; x_wconf 79' lang='lat' dir='ltr'>subeant</span> <span class='ocrx_word' id='word_1_86' title='bbox 307 635 432 679; x_wconf 80' lang='lat' dir='ltr'>herbae,</span> <span class='ocrx_word' id='word_1_87' title='bbox 448 647 517 668; x_wconf 89' lang='lat' dir='ltr'>neu</span> <span class='ocrx_word' id='word_1_88' title='bbox 534 636 676 679; x_wconf 82' lang='lat' dir='ltr'>pulvere</span> <span class='ocrx_word' id='word_1_89' title='bbox 693 636 787 669; x_wconf 77' lang='lat' dir='ltr'>victa</span> <span class='ocrx_word' id='word_1_90' title='bbox 802 637 943 669; x_wconf 75' lang='lat' dir='ltr'>fatiscat</span> <span class='ocrx_word' id='word_1_91' title='bbox 957 648 966 677; x_wconf 83' lang='lat'><em>3</em></span> <span class='ocrx_word' id='word_1_92' title='bbox 1131 640 1196 671; x_wconf 88' lang='lat'>180</span> 
     </span>
     <span class='ocr_line' id='line_1_14' title="bbox 74 681 976 725; baseline 0 -11"><span class='ocrx_word' id='word_1_93' title='bbox 74 681 164 714; x_wconf 80' lang='lat' dir='ltr'>Tum</span> <span class='ocrx_word' id='word_1_94' title='bbox 180 682 283 715; x_wconf 83' lang='lat' dir='ltr'>variae</span> <span class='ocrx_word' id='word_1_95' title='bbox 300 681 452 714; x_wconf 86' lang='lat' dir='ltr'>illudant</span> <span class='ocrx_word' id='word_1_96' title='bbox 469 686 581 725; x_wconf 85' lang='lat' dir='ltr'>pestes</span> <span class='ocrx_word' id='word_1_97' title='bbox 595 694 602 715; x_wconf 88' lang='lat'>:</span> <span class='ocrx_word' id='word_1_98' title='bbox 628 693 718 725; x_wconf 83' lang='lat' dir='ltr'>saepe</span> <span class='ocrx_word' id='word_1_99' title='bbox 735 682 882 725; x_wconf 74' lang='lat' dir='ltr'>exiguus</span> <span class='ocrx_word' id='word_1_100' title='bbox 899 693 976 715; x_wconf 86' lang='lat' dir='ltr'>mus</span> 
     </span>
     <span class='ocr_line' id='line_1_15' title="bbox 74 726 979 771; baseline 0 -11"><span class='ocrx_word' id='word_1_101' title='bbox 74 726 146 760; x_wconf 86' lang='lat' dir='ltr'>Sub</span> <span class='ocrx_word' id='word_1_102' title='bbox 163 727 262 760; x_wconf 85' lang='lat' dir='ltr'>terris</span> <span class='ocrx_word' id='word_1_103' title='bbox 279 727 461 770; x_wconf 77' lang='lat' dir='ltr'>posuitque</span> <span class='ocrx_word' id='word_1_104' title='bbox 479 727 595 760; x_wconf 87' lang='lat' dir='ltr'>domos</span> <span class='ocrx_word' id='word_1_105' title='bbox 613 731 717 771; x_wconf 82' lang='lat' dir='ltr'>atque</span> <span class='ocrx_word' id='word_1_106' title='bbox 734 727 857 760; x_wconf 88' lang='lat' dir='ltr'>horrea</span> <span class='ocrx_word' id='word_1_107' title='bbox 872 727 956 760; x_wconf 88' lang='lat' dir='ltr'>fecit</span> <span class='ocrx_word' id='word_1_108' title='bbox 970 740 979 768; x_wconf 95' lang='lat'>;</span> 
     </span>
     <span class='ocr_line' id='line_1_16' title="bbox 72 771 803 816; baseline 0 -11"><span class='ocrx_word' id='word_1_109' title='bbox 72 771 147 805; x_wconf 85' lang='lat' dir='ltr'>Aut</span> <span class='ocrx_word' id='word_1_110' title='bbox 163 772 271 805; x_wconf 88' lang='lat' dir='ltr'>oculis</span> <span class='ocrx_word' id='word_1_111' title='bbox 289 773 383 816; x_wconf 81' lang='lat' dir='ltr'>capti</span> <span class='ocrx_word' id='word_1_112' title='bbox 398 772 514 805; x_wconf 87' lang='lat' dir='ltr'>fodere</span> <span class='ocrx_word' id='word_1_113' title='bbox 531 772 659 805; x_wconf 86' lang='lat' dir='ltr'>cubilia</span> <span class='ocrx_word' id='word_1_114' title='bbox 676 773 779 816; x_wconf 86' lang='lat' dir='ltr'>talpae</span> <span class='ocrx_word' id='word_1_115' title='bbox 795 785 803 813; x_wconf 91' lang='lat'>;</span> 
     </span>
     <span class='ocr_line' id='line_1_17' title="bbox 73 817 962 862; baseline 0 -12"><span class='ocrx_word' id='word_1_116' title='bbox 73 817 311 861; x_wconf 85' lang='lat' dir='ltr'>Inventusque</span> <span class='ocrx_word' id='word_1_117' title='bbox 327 818 420 851; x_wconf 81' lang='lat' dir='ltr'>cavis</span> <span class='ocrx_word' id='word_1_118' title='bbox 436 818 528 860; x_wconf 78' lang='lat' dir='ltr'>bufo,</span> <span class='ocrx_word' id='word_1_119' title='bbox 547 822 582 851; x_wconf 91' lang='lat' dir='ltr'>et</span> <span class='ocrx_word' id='word_1_120' title='bbox 599 829 676 861; x_wconf 89' lang='lat' dir='ltr'>quae</span> <span class='ocrx_word' id='word_1_121' title='bbox 694 818 845 862; x_wconf 88' lang='lat' dir='ltr'>plurima</span> <span class='ocrx_word' id='word_1_122' title='bbox 861 821 962 851; x_wconf 89' lang='lat' dir='ltr'>terrae</span> 
     </span>
     <span class='ocr_line' id='line_1_18' title="bbox 71 862 1113 907; baseline 0.002 -11"><span class='ocrx_word' id='word_1_123' title='bbox 71 862 229 896; x_wconf 84' lang='lat' dir='ltr'>Monstra</span> <span class='ocrx_word' id='word_1_124' title='bbox 245 864 363 896; x_wconf 82' lang='lat' dir='ltr'>ferunt</span> <span class='ocrx_word' id='word_1_125' title='bbox 378 876 386 904; x_wconf 91' lang='lat'>;</span> <span class='ocrx_word' id='word_1_126' title='bbox 410 863 622 907; x_wconf 74' lang='lat' dir='ltr'>populatque</span> <span class='ocrx_word' id='word_1_127' title='bbox 639 864 817 907; x_wconf 86' lang='lat' dir='ltr'>ingentem</span> <span class='ocrx_word' id='word_1_128' title='bbox 833 864 934 896; x_wconf 87' lang='lat' dir='ltr'>farris</span> <span class='ocrx_word' id='word_1_129' title='bbox 951 875 1113 898; x_wconf 86' lang='lat' dir='ltr'>acervum</span> 
     </span>
     <span class='ocr_line' id='line_1_19' title="bbox 73 908 981 953; baseline 0.001 -11"><span class='ocrx_word' id='word_1_130' title='bbox 73 908 242 951; x_wconf 83' lang='lat' dir='ltr'>Curculio,</span> <span class='ocrx_word' id='word_1_131' title='bbox 260 913 364 953; x_wconf 90' lang='lat' dir='ltr'>atque</span> <span class='ocrx_word' id='word_1_132' title='bbox 380 909 476 953; x_wconf 89' lang='lat' dir='ltr'>inopi</span> <span class='ocrx_word' id='word_1_133' title='bbox 491 913 649 942; x_wconf 88' lang='lat' dir='ltr'>metuens</span> <span class='ocrx_word' id='word_1_134' title='bbox 665 910 810 942; x_wconf 83' lang='lat' dir='ltr'>formica</span> <span class='ocrx_word' id='word_1_135' title='bbox 826 914 981 944; x_wconf 82' lang='lat' dir='ltr'>senectae.</span> 
     </span>
     <span class='ocr_line' id='line_1_20' title="bbox 72 954 984 999; baseline 0.002 -12"><span class='ocrx_word' id='word_1_136' title='bbox 72 954 329 998; x_wconf 86' lang='lat' dir='ltr'>Contemplator</span> <span class='ocrx_word' id='word_1_137' title='bbox 344 955 439 999; x_wconf 86' lang='lat' dir='ltr'>item,</span> <span class='ocrx_word' id='word_1_138' title='bbox 457 967 564 999; x_wconf 89' lang='lat' dir='ltr'>quum</span> <span class='ocrx_word' id='word_1_139' title='bbox 581 966 615 988; x_wconf 89' lang='lat' dir='ltr'>se</span> <span class='ocrx_word' id='word_1_140' title='bbox 631 967 706 988; x_wconf 80' lang='lat' dir='ltr'>nux</span> <span class='ocrx_word' id='word_1_141' title='bbox 722 955 872 999; x_wconf 89' lang='lat' dir='ltr'>plurima</span> <span class='ocrx_word' id='word_1_142' title='bbox 889 956 984 989; x_wconf 85' lang='lat' dir='ltr'>silvis</span> 
     </span>
     <span class='ocr_line' id='line_1_21' title="bbox 71 999 916 1042; baseline 0.001 -9"><span class='ocrx_word' id='word_1_143' title='bbox 71 999 203 1033; x_wconf 85' lang='lat' dir='ltr'>Induet</span> <span class='ocrx_word' id='word_1_144' title='bbox 219 1001 257 1033; x_wconf 92' lang='lat' dir='ltr'>in</span> <span class='ocrx_word' id='word_1_145' title='bbox 272 1000 390 1033; x_wconf 89' lang='lat' dir='ltr'>florem</span> <span class='ocrx_word' id='word_1_146' title='bbox 408 1005 442 1034; x_wconf 89' lang='lat' dir='ltr'>et</span> <span class='ocrx_word' id='word_1_147' title='bbox 458 1012 570 1034; x_wconf 85' lang='lat' dir='ltr'>ramos</span> <span class='ocrx_word' id='word_1_148' title='bbox 587 1001 746 1034; x_wconf 85' lang='lat' dir='ltr'>curvabit</span> <span class='ocrx_word' id='word_1_149' title='bbox 763 1001 893 1034; x_wconf 88' lang='lat' dir='ltr'>olentes</span> <span class='ocrx_word' id='word_1_150' title='bbox 908 1013 916 1042; x_wconf 87' lang='lat'>;</span> 
     </span>
     <span class='ocr_line' id='line_1_22' title="bbox 71 1045 964 1091; baseline 0.001 -12"><span class='ocrx_word' id='word_1_151' title='bbox 71 1045 107 1079; x_wconf 82' lang='lat' dir='ltr'>Si</span> <span class='ocrx_word' id='word_1_152' title='bbox 125 1050 290 1090; x_wconf 87' lang='lat' dir='ltr'>superant</span> <span class='ocrx_word' id='word_1_153' title='bbox 307 1047 408 1089; x_wconf 82' lang='lat' dir='ltr'>fetus,</span> <span class='ocrx_word' id='word_1_154' title='bbox 426 1047 556 1091; x_wconf 88' lang='lat' dir='ltr'>pariter</span> <span class='ocrx_word' id='word_1_155' title='bbox 572 1047 750 1080; x_wconf 83' lang='lat' dir='ltr'>frumenta</span> <span class='ocrx_word' id='word_1_156' title='bbox 766 1051 964 1091; x_wconf 77' lang='lat' dir='ltr'>sequentur.</span> 
     </span>
     <span class='ocr_line' id='line_1_23' title="bbox 69 1091 1188 1136; baseline 0.003 -12"><span class='ocrx_word' id='word_1_157' title='bbox 69 1091 269 1136; x_wconf 85' lang='lat' dir='ltr'>Magnaque</span> <span class='ocrx_word' id='word_1_158' title='bbox 286 1104 366 1125; x_wconf 89' lang='lat' dir='ltr'>cum</span> <span class='ocrx_word' id='word_1_159' title='bbox 382 1104 508 1136; x_wconf 83' lang='lat' dir='ltr'>magno</span> <span class='ocrx_word' id='word_1_160' title='bbox 525 1093 641 1126; x_wconf 83' lang='lat' dir='ltr'>veniet</span> <span class='ocrx_word' id='word_1_161' title='bbox 657 1093 785 1126; x_wconf 89' lang='lat' dir='ltr'>tritura</span> <span class='ocrx_word' id='word_1_162' title='bbox 802 1093 937 1134; x_wconf 88' lang='lat' dir='ltr'>calore,</span> <span class='ocrx_word' id='word_1_163' title='bbox 929 1105 936 1112; x_wconf 92' lang='lat'><strong>·</strong></span> <span class='ocrx_word' id='word_1_164' title='bbox 1123 1096 1188 1127; x_wconf 89' lang='grc'>190</span> 
     </span>
     <span class='ocr_line' id='line_1_24' title="bbox 70 1138 832 1181; baseline 0.003 -11"><span class='ocrx_word' id='word_1_165' title='bbox 70 1138 119 1171; x_wconf 90' lang='lat' dir='ltr'>At</span> <span class='ocrx_word' id='word_1_166' title='bbox 136 1138 164 1170; x_wconf 86' lang='lat' dir='ltr'>si</span> <span class='ocrx_word' id='word_1_167' title='bbox 180 1138 321 1171; x_wconf 82' lang='lat' dir='ltr'>luxuria</span> <span class='ocrx_word' id='word_1_168' title='bbox 337 1138 499 1171; x_wconf 88' lang='lat' dir='ltr'>foliorum</span> <span class='ocrx_word' id='word_1_169' title='bbox 515 1138 684 1172; x_wconf 83' lang='lat' dir='ltr'>exuberat</span> <span class='ocrx_word' id='word_1_170' title='bbox 700 1138 832 1181; x_wconf 83' lang='lat' dir='ltr'>umbra,</span> 
     </span>
     <span class='ocr_line' id='line_1_25' title="bbox 69 1182 951 1229; baseline 0.001 -13"><span class='ocrx_word' id='word_1_171' title='bbox 69 1182 315 1228; x_wconf 82' lang='lat' dir='ltr'>Nequidquam</span> <span class='ocrx_word' id='word_1_172' title='bbox 331 1183 478 1228; x_wconf 83' lang='lat' dir='ltr'>pingues</span> <span class='ocrx_word' id='word_1_173' title='bbox 494 1184 594 1229; x_wconf 86' lang='lat' dir='ltr'>palea</span> <span class='ocrx_word' id='word_1_174' title='bbox 610 1188 699 1218; x_wconf 89' lang='lat' dir='ltr'>teret</span> <span class='ocrx_word' id='word_1_175' title='bbox 716 1196 796 1217; x_wconf 74' lang='lat' dir='ltr'>area</span> <span class='ocrx_word' id='word_1_176' title='bbox 812 1184 951 1218; x_wconf 89' lang='lat' dir='ltr'>culmos.</span> 
     </span>
     <span class='ocr_line' id='line_1_26' title="bbox 69 1229 983 1282; baseline 0.001 -20"><span class='ocrx_word' id='word_1_177' title='bbox 69 1229 209 1263; x_wconf 84' lang='lat' dir='ltr'>Semina</span> <span class='ocrx_word' id='word_1_178' title='bbox 226 1229 298 1263; x_wconf 81' lang='lat' dir='ltr'>vidi</span> <span class='ocrx_word' id='word_1_179' title='bbox 315 1231 475 1282; x_wconf 87' lang='lat' dir='ltr'>equidem</span> <span class='ocrx_word' id='word_1_180' title='bbox 491 1230 620 1263; x_wconf 89' lang='lat' dir='ltr'>multos</span> <span class='ocrx_word' id='word_1_181' title='bbox 635 1230 807 1263; x_wconf 84' lang='lat' dir='ltr'>medicare</span> <span class='ocrx_word' id='word_1_182' title='bbox 824 1234 983 1273; x_wconf 84' lang='lat' dir='ltr'>serentes,</span> 
     </span>
     <span class='ocr_line' id='line_1_27' title="bbox 68 1275 893 1328; baseline 0 -19"><span class='ocrx_word' id='word_1_183' title='bbox 68 1275 115 1309; x_wconf 90' lang='lat' dir='ltr'>Et</span> <span class='ocrx_word' id='word_1_184' title='bbox 131 1275 223 1308; x_wconf 90' lang='lat' dir='ltr'>nitro</span> <span class='ocrx_word' id='word_1_185' title='bbox 239 1275 336 1319; x_wconf 88' lang='lat' dir='ltr'>prius</span> <span class='ocrx_word' id='word_1_186' title='bbox 353 1280 388 1309; x_wconf 90' lang='lat' dir='ltr'>et</span> <span class='ocrx_word' id='word_1_187' title='bbox 403 1276 504 1319; x_wconf 88' lang='lat' dir='ltr'>nigra</span> <span class='ocrx_word' id='word_1_188' title='bbox 520 1276 726 1328; x_wconf 84' lang='lat' dir='ltr'>perfundere</span> <span class='ocrx_word' id='word_1_189' title='bbox 742 1287 893 1319; x_wconf 83' lang='lat' dir='ltr'>amurca,</span> 
     </span>
     <span class='ocr_line' id='line_1_28' title="bbox 69 1321 865 1365; baseline 0 -11"><span class='ocrx_word' id='word_1_190' title='bbox 69 1321 238 1355; x_wconf 85' lang='lat' dir='ltr'>Grandior</span> <span class='ocrx_word' id='word_1_191' title='bbox 254 1325 295 1354; x_wconf 89' lang='lat' dir='ltr'>ut</span> <span class='ocrx_word' id='word_1_192' title='bbox 311 1322 402 1354; x_wconf 83' lang='lat' dir='ltr'>fetus</span> <span class='ocrx_word' id='word_1_193' title='bbox 420 1322 552 1365; x_wconf 75' lang='lat' dir='ltr'>siliquis</span> <span class='ocrx_word' id='word_1_194' title='bbox 568 1322 751 1355; x_wconf 87' lang='lat' dir='ltr'>fallacibus</span> <span class='ocrx_word' id='word_1_195' title='bbox 769 1325 865 1363; x_wconf 79' lang='lat' dir='ltr'>esset,</span> 
     </span>
     <span class='ocr_line' id='line_1_29' title="bbox 67 1367 930 1411; baseline -0.001 -10"><span class='ocrx_word' id='word_1_196' title='bbox 67 1367 115 1401; x_wconf 89' lang='lat' dir='ltr'>Et</span> <span class='ocrx_word' id='word_1_197' title='bbox 132 1367 289 1411; x_wconf 86' lang='lat' dir='ltr'>quamvis</span> <span class='ocrx_word' id='word_1_198' title='bbox 305 1367 380 1410; x_wconf 83' lang='lat' dir='ltr'>igni</span> <span class='ocrx_word' id='word_1_199' title='bbox 397 1367 524 1410; x_wconf 79' lang='lat' dir='ltr'>exiguo</span> <span class='ocrx_word' id='word_1_200' title='bbox 540 1371 724 1411; x_wconf 84' lang='lat' dir='ltr'>properata</span> <span class='ocrx_word' id='word_1_201' title='bbox 739 1367 930 1401; x_wconf 87' lang='lat' dir='ltr'>maderent.</span> 
     </span>
     <span class='ocr_line' id='line_1_30' title="bbox 68 1412 819 1457; baseline 0 -11"><span class='ocrx_word' id='word_1_202' title='bbox 68 1413 151 1447; x_wconf 89' lang='lat' dir='ltr'>Vidi</span> <span class='ocrx_word' id='word_1_203' title='bbox 167 1413 258 1446; x_wconf 86' lang='lat' dir='ltr'>lecta</span> <span class='ocrx_word' id='word_1_204' title='bbox 275 1412 336 1446; x_wconf 89' lang='lat' dir='ltr'>diu</span> <span class='ocrx_word' id='word_1_205' title='bbox 353 1416 388 1446; x_wconf 89' lang='lat' dir='ltr'>et</span> <span class='ocrx_word' id='word_1_206' title='bbox 403 1413 515 1446; x_wconf 90' lang='lat' dir='ltr'>multo</span> <span class='ocrx_word' id='word_1_207' title='bbox 533 1416 688 1457; x_wconf 86' lang='lat' dir='ltr'>spectata</span> <span class='ocrx_word' id='word_1_208' title='bbox 704 1413 819 1446; x_wconf 85' lang='lat' dir='ltr'>labore</span> 
     </span>
     <span class='ocr_line' id='line_1_31' title="bbox 65 1459 921 1511; baseline -0.001 -19"><span class='ocrx_word' id='word_1_209' title='bbox 65 1459 283 1503; x_wconf 84' lang='lat' dir='ltr'>Degenerare</span> <span class='ocrx_word' id='word_1_210' title='bbox 299 1462 427 1502; x_wconf 80' lang='lat' dir='ltr'>tamen,</span> <span class='ocrx_word' id='word_1_211' title='bbox 443 1459 480 1491; x_wconf 88' lang='lat' dir='ltr'>ni</span> <span class='ocrx_word' id='word_1_212' title='bbox 498 1459 548 1492; x_wconf 78' lang='lat' dir='ltr'>vis</span> <span class='ocrx_word' id='word_1_213' title='bbox 565 1459 720 1492; x_wconf 89' lang='lat' dir='ltr'>humana</span> <span class='ocrx_word' id='word_1_214' title='bbox 736 1459 921 1511; x_wconf 81' lang='lat' dir='ltr'>quotannis</span> 
     </span>
     <span class='ocr_line' id='line_1_32' title="bbox 65 1504 979 1549; baseline 0 -11"><span class='ocrx_word' id='word_1_215' title='bbox 65 1504 224 1538; x_wconf 82' lang='lat' dir='ltr'>Maxima</span> <span class='ocrx_word' id='word_1_216' title='bbox 241 1515 387 1549; x_wconf 84' lang='lat' dir='ltr'>quaeque</span> <span class='ocrx_word' id='word_1_217' title='bbox 402 1516 509 1538; x_wconf 88' lang='lat' dir='ltr'>manu</span> <span class='ocrx_word' id='word_1_218' title='bbox 525 1505 676 1548; x_wconf 75' lang='lat' dir='ltr'>legeret·</span> <span class='ocrx_word' id='word_1_219' title='bbox 668 1531 676 1546; x_wconf 87' lang='lat'>‚</span> <span class='ocrx_word' id='word_1_220' title='bbox 702 1505 749 1538; x_wconf 88' lang='lat' dir='ltr'>sic</span> <span class='ocrx_word' id='word_1_221' title='bbox 766 1505 882 1538; x_wconf 88' lang='lat' dir='ltr'>omnia</span> <span class='ocrx_word' id='word_1_222' title='bbox 897 1505 979 1538; x_wconf 83' lang='lat' dir='ltr'>fatis</span> 
     </span>
     <span class='ocr_line' id='line_1_33' title="bbox 67 1549 1186 1595; baseline 0.001 -11"><span class='ocrx_word' id='word_1_223' title='bbox 67 1550 110 1584; x_wconf 93' lang='lat' dir='ltr'>In</span> <span class='ocrx_word' id='word_1_224' title='bbox 127 1552 225 1595; x_wconf 89' lang='lat' dir='ltr'>pejus</span> <span class='ocrx_word' id='word_1_225' title='bbox 241 1562 351 1593; x_wconf 82' lang='lat' dir='ltr'>ruere,</span> <span class='ocrx_word' id='word_1_226' title='bbox 369 1561 409 1584; x_wconf 89' lang='lat' dir='ltr'>ac</span> <span class='ocrx_word' id='word_1_227' title='bbox 425 1554 516 1584; x_wconf 88' lang='lat' dir='ltr'>retro</span> <span class='ocrx_word' id='word_1_228' title='bbox 534 1551 695 1594; x_wconf 86' lang='lat' dir='ltr'>sublapsa</span> <span class='ocrx_word' id='word_1_229' title='bbox 710 1549 830 1585; x_wconf 81' lang='lat' dir='ltr'>referri</span> <span class='ocrx_word' id='word_1_230' title='bbox 845 1563 853 1591; x_wconf 85' lang='lat'><em>3</em></span> <span class='ocrx_word' id='word_1_231' title='bbox 1118 1553 1186 1585; x_wconf 80' lang='lat'>200</span> 
     </span>
     <span class='ocr_line' id='line_1_34' title="bbox 64 1596 1025 1640; baseline -0.001 -10"><span class='ocrx_word' id='word_1_232' title='bbox 64 1596 145 1630; x_wconf 85' lang='lat' dir='ltr'>Non</span> <span class='ocrx_word' id='word_1_233' title='bbox 161 1597 262 1630; x_wconf 86' lang='lat' dir='ltr'>aliter</span> <span class='ocrx_word' id='word_1_234' title='bbox 279 1608 383 1640; x_wconf 84' lang='lat' dir='ltr'>quam</span> <span class='ocrx_word' id='word_1_235' title='bbox 400 1596 461 1640; x_wconf 89' lang='lat' dir='ltr'>qui</span> <span class='ocrx_word' id='word_1_236' title='bbox 478 1596 619 1630; x_wconf 88' lang='lat' dir='ltr'>adverso</span> <span class='ocrx_word' id='word_1_237' title='bbox 635 1596 696 1630; x_wconf 80' lang='lat' dir='ltr'>vix</span> <span class='ocrx_word' id='word_1_238' title='bbox 712 1597 855 1630; x_wconf 85' lang='lat' dir='ltr'>flumine</span> <span class='ocrx_word' id='word_1_239' title='bbox 871 1596 1025 1629; x_wconf 87' lang='lat' dir='ltr'>lembum</span> 
     </span>
     <span class='ocr_line' id='line_1_35' title="bbox 66 1642 857 1686; baseline -0.001 -10"><span class='ocrx_word' id='word_1_240' title='bbox 66 1642 233 1686; x_wconf 87' lang='lat' dir='ltr'>Remigiis</span> <span class='ocrx_word' id='word_1_241' title='bbox 250 1642 389 1685; x_wconf 83' lang='lat' dir='ltr'>subigit,</span> <span class='ocrx_word' id='word_1_242' title='bbox 408 1642 436 1675; x_wconf 91' lang='lat' dir='ltr'>si</span> <span class='ocrx_word' id='word_1_243' title='bbox 452 1642 594 1676; x_wconf 87' lang='lat' dir='ltr'>brachia</span> <span class='ocrx_word' id='word_1_244' title='bbox 610 1643 698 1676; x_wconf 84' lang='lat' dir='ltr'>forte</span> <span class='ocrx_word' id='word_1_245' title='bbox 714 1643 857 1685; x_wconf 85' lang='lat' dir='ltr'>remisit,</span> 
     </span>
     <span class='ocr_line' id='line_1_36' title="bbox 66 1687 1011 1732; baseline -0.002 -10"><span class='ocrx_word' id='word_1_246' title='bbox 66 1688 182 1732; x_wconf 86' lang='lat' dir='ltr'>Atque</span> <span class='ocrx_word' id='word_1_247' title='bbox 197 1689 303 1721; x_wconf 89' lang='lat' dir='ltr'>illum·</span> <span class='ocrx_word' id='word_1_248' title='bbox 314 1688 353 1720; x_wconf 92' lang='lat' dir='ltr'>in</span> <span class='ocrx_word' id='word_1_249' title='bbox 369 1699 522 1732; x_wconf 86' lang='lat' dir='ltr'>praeceps</span> <span class='ocrx_word' id='word_1_250' title='bbox 539 1699 646 1732; x_wconf 91' lang='lat' dir='ltr'>prono</span> <span class='ocrx_word' id='word_1_251' title='bbox 661 1689 754 1732; x_wconf 81' lang='lat' dir='ltr'>rapit</span> <span class='ocrx_word' id='word_1_252' title='bbox 771 1688 890 1721; x_wconf 85' lang='lat' dir='ltr'>alveus</span> <span class='ocrx_word' id='word_1_253' title='bbox 908 1687 1011 1722; x_wconf 83' lang='lat' dir='ltr'>amni.</span> 
     </span>
     <span class='ocr_line' id='line_1_37' title="bbox 113 1733 873 1769; baseline -0.001 -1"><span class='ocrx_word' id='word_1_254' title='bbox 113 1734 285 1769; x_wconf 81' lang='lat' dir='ltr'>Praeterea</span> <span class='ocrx_word' id='word_1_255' title='bbox 301 1737 375 1768; x_wconf 82' lang='lat' dir='ltr'>tam</span> <span class='ocrx_word' id='word_1_256' title='bbox 393 1738 474 1767; x_wconf 89' lang='lat' dir='ltr'>sunt</span> <span class='ocrx_word' id='word_1_257' title='bbox 491 1733 631 1767; x_wconf 88' lang='lat' dir='ltr'>Arcturi</span> <span class='ocrx_word' id='word_1_258' title='bbox 648 1734 759 1768; x_wconf 88' lang='lat' dir='ltr'>sidera</span> <span class='ocrx_word' id='word_1_259' title='bbox 775 1734 873 1768; x_wconf 89' lang='lat' dir='ltr'>nobis</span> 
     </span>
    </p>
   </div>
  </div>
 </body>
</html>
