1345 1927
8 350 11 359 -
8 321 11 345 -
0 180 11 315 ,τι-ΜΤ

2 392 14 470 -,.,«;

394 221 436 258 Ρ.
458 218 730 278 ΥΙΗΘῙΙΛΙΙ
777 216 1057 253 MARONIS

306 352 1149 414 AENEIDOS

539 501 706 535 LIBER
737 501 926 536 NONUS.

641 610 813 619 mm

175 667 304 707 Amul:
321 679 362 702 ea
378 668 513 702 diversa
530 669 670 713 penitus
688 669 772 702 <lum
789 672 889 713 parte
905 671 1086 712 geruntur,

176 713 262 747 Irim
279 714 322 748 de
339 714 423 748 coelo
439 715 535 748 misit
553 714 718 748 Saturnia
735 715 759 748 J
761 726 831 748 uno

175 759 353 793 Audacem
370 760 415 794 ad
432 760 598 794 Turnum.
647 760 740 793 Luco
758 764 834 793 tum
851 760 940 793 forte
956 758 1110 804 parentis

177 804 333 838 Pilumni
350 806 486 839 Turnus
504 809 639 840 sacrata
656 805 746 839 valle
764 805 912 839 sedebat.

175 850 230 883 Ad
249 862 352 894 quem
370 851 418 884 sic
434 863 528 885 roseo
545 851 797 885 Thaumantias
814 862 871 884 ore
887 851 1005 884 locuta
1021 853 1093 884 est:

179 894 196 910 “
211 894 339 937 Turne,
356 895 447 939 quod
464 895 600 939 optanti
618 895 741 928 divum
758 895 959 939 promittere
975 907 1076 930 nemo

177 935 340 980 Auderet‚
357 938 527 971 volvenda
544 937 616 971 dies
634 949 676 971 en
694 939 816 971 attulit
833 938 934 972 ultro.

176 981 316 1025 AEneas‚
334 983 417 1016 urbe
434 987 469 1017 et
486 984 584 1016 sociis
601 987 636 1016 et
654 983 760 1017 classe
777 984 907 1024 relicta,

178 1026 321 1071 Sceptra
339 1028 492 1062 Palatini
509 1029 693 1073 sedemque
710 1029 837 1073 petivit
854 1027 1008 1061 Evandri

177 1072 211 1105 N
212 1084 250 1106 ec
267 1074 350 1107 satis
364 1086 371 1107 :
397 1078 569 1108 extremas
587 1074 727 1117 Corythi
744 1076 941 1118 penetravit
957 1075 1002 1108 ad
1019 1073 1130 1117 urbes,

177 1119 420 1163 Lydorumque
436 1131 589 1162 manum,
607 1120 766 1153 collectos
783 1124 896 1153 armat
912 1124 1072 1164 agrestes.

1247 1077 1290 1108 lO

178 1165 270 1206 Quid
287 1164 426 1198 dubitas
440 1166 452 1199 2
477 1177 571 1198 nunc
588 1169 726 1209 tempus
743 1176 856 1209 equos,
873 1177 966 1199 nunc
983 1177 1119 1210 poscere
1136 1177 1265 1200 currus.

178 1210 315 1255 Rumpe
331 1222 442 1244 moras
459 1223 585 1254 omnes,
603 1216 638 1244 ct
655 1211 797 1245 turbata
813 1212 926 1255 arripe
943 1213 1084 1246 castra.”

177 1255 288 1299 Dixit,
306 1261 340 1290 et
357 1258 394 1290 in
411 1257 537 1290 coelum
554 1257 694 1302 paribus
712 1267 746 1290 se
763 1257 906 1290 sustulit
923 1257 987 1290 alis
1001 1269 1010 1298 ;

178 1302 430 1347 Ingentemque
446 1303 532 1347 fuga
549 1303 659 1336 secuit
676 1302 739 1336 sub
756 1302 906 1336 nubibus
923 1313 1050 1336 arcum.
1112 1313 1120 1317 ·

178 1347 331 1391 Agnovit
343 1349 493 1392 juvenis,
511 1348 734 1392 duplicesque
750 1348 793 1381 ad
812 1348 923 1381 sidera
939 1348 1072 1392 palmas

179 1392 339 1436 Sustulit,
357 1398 392 1427 et
409 1394 473 1427 tali
489 1395 682 1437 fugientem
701 1397 752 1427 est
768 1405 850 1427 voce
867 1397 1026 1427 secutus:

175 1440 194 1456 “
207 1439 264 1481 Iri,
282 1440 386 1473 decus
403 1440 489 1483 coeli,
530 1441 584 1474 uis
601 1446 635 1474 te
652 1441 738 1474 mihi
755 1440 907 1474 nubibus
924 1444 1038 1474 actam

177 1482 316 1517 Detulit
332 1484 370 1517 in
387 1489 495 1518 terras
513 1513 518 1518 .
546 1485 640 1518 uncle
657 1485 732 1518 haec
749 1488 822 1518 tam
840 1485 933 1519 clara.
949 1489 1091 1529 repente

178 1529 401 1573 Tempestas?
425 1531 579 1564 medium
597 1531 695 1564 video
713 1531 886 1564 discedere
903 1530 1038 1573 coelum,

177 1574 409 1619 Palantesque
425 1576 503 1620 polo
521 1577 647 1610 stellas.
696 1576 827 1620 Sequor
843 1577 958 1610 omina
974 1580 1083 1619 tanta,

179 1620 341 1665 Quisquis
358 1622 394 1655 in
411 1633 507 1655 arma
524 1622 658 1656 vocas.''
704 1624 750 1657 Et
767 1625 814 1657 sic
832 1624 955 1657 effatus
972 1624 1016 1657 ad
1035 1624 1163 1657 undam

177 1665 347 1700 Processit
364 1678 566 1711 summoque
583 1667 701 1701 hausit
718 1667 760 1701 de
777 1668 915 1711 gurgite
935 1667 1105 1711 lymphas,

178 1709 294 1745 Multa
310 1713 389 1746 deos
406 1724 517 1756 orans,
534 1713 759 1757 oneravitque
777 1713 906 1746 aethera
924 1713 1020 1746 votis,

223 1758 374 1802 Jamque
391 1759 500 1792 omnis
519 1759 648 1803 campis
667 1759 838 1792 exercitus
857 1757 929 1792 ibat
946 1758 1085 1802 apertis,

1245 1532 1290 1564 20

1342 1039 1345 1053 4

1342 1072 1345 1114 ἐ
