1345 1927
186 90 255 122 258
497 88 534 123 P.
553 88 757 123 VIRGILII
783 88 998 122 MARONIS

184 155 273 188 Tum
290 166 351 188 rex
369 155 564 198 Evandrus,
584 156 745 189 Romanae
763 155 920 189 conditor
936 155 1046 189 arcis.
1038 166 1046 174 ·

186 203 204 220 “
217 202 303 236 Haec
319 213 460 236 nemora
476 202 650 245 indigenae
669 203 781 235 Fauni
800 202 1043 279 Nssmphaeque
1061 201 1237 246 tenebant,

187 245 345 290 Gensque
362 246 476 279 virum
494 247 626 280 truncis
644 250 679 280 et
695 247 782 280 duro
798 257 835 279 ro
859 257 916 280 ore
932 250 1037 280 nata·

186 290 291 332 Queis
307 302 420 335 neque
436 303 509 326 mos
525 303 635 337 neque
653 292 769 325 cultus
786 296 886 332 erat3
911 303 974 325 nec
986 293 1136 335 jungere
1152 294 1281 334 tauros,

184 336 257 370 Aut
274 348 476 388 componere
493 348 573 381 opes
589 342 724 380 norant,
742 341 804 371 aut
822 348 961 381 parcere
978 340 1099 381 parto:

185 381 252 415 Sed
269 383 357 415 rami
373 386 481 426 atque
498 394 597 426 asper
613 382 711 415 victu
727 388 874 416 venatus
891 381 1015 415 alebat.

184 426 322 461 Primus
339 427 383 461 ab
400 428 542 461 aetherio
559 428 655 461 venit
672 427 843 461 Saturnus
861 427 1017 471 Olympo,

183 473 290 506 Arma
306 473 331 506 J
333 473 405 506 ovis
421 473 559 516 fugiens
576 477 612 506 et
627 473 742 516 regnis
759 472 859 506 exsul
877 473 1033 506 ademtis.
1235 472 1303 505 320

183 517 218 550 Is
234 529 344 561 genus
361 518 510 551 indocile
527 529 566 551 ac
583 517 776 561 dispersum
793 517 969 551 montibus
986 517 1068 551 altis

183 562 393 606 Composuit,
410 563 570 615 legesque
588 563 693 605 dedit,
712 563 919 614 Latiumque
937 563 1050 597 vocari

182 607 322 650 Maluit,
340 608 394 641 his
412 609 575 652 quoniam
592 608 751 641 latuisset
767 612 866 641 tutus
883 608 921 641 in
937 609 1013 642 oris.

182 652 298 686 Aurea
315 665 392 697 quae
410 653 603 698 perhibent,
620 653 680 686 illo
698 653 761 686 sub
777 664 856 696 rege
874 653 1017 686 fuerunt

182 697 340 732 Saecula:
367 699 415 732 sic
431 699 570 743 placida
586 698 756 743 populos'
747 709 785 731 111
802 709 886 742 pace
903 698 1071 742 regebat;

181 743 341 778 Deterior
357 744 464 778 donec
482 744 654 788 paulatim
670 755 710 777 ac
728 744 862 777 decolor
879 748 962 777 aetas

182 789 230 822 Et
247 789 329 823 belli
345 790 457 823 rabies
474 795 508 823 et
525 801 620 823 amor
637 789 799 822 successit
816 789 976 823 habendi.

181 834 271 867 Tum
286 846 410 868 manus
428 835 581 868 Ausonia
597 839 633 868 et
649 838 770 878 gentes
787 846 910 868 venere
927 834 1060 868 Sicanae
1074 846 1083 875 3

181 879 315 924 Saepius
332 884 367 914 et
384 891 510 914 nomen
526 881 642 932 posuit
659 880 823 914 Saturnia
840 879 953 913 tellus.

181 925 270 959 Tum
286 937 393 969 reges,
410 936 578 969 asperque
595 925 740 958 immani
757 935 895 977 corpore
913 924 1071 968 Thybris,
1231 927 1299 959 330

180 971 211 1003 Α
228 982 296 1014 quo
313 976 390 1015 post
408 971 490 1004 Itali
507 971 654 1004 fluvium
671 972 874 1014 cognomine
890 970 1057 1014 Thybrim

179 1016 368 1057 Diximus,
393 1017 510 1049 amisit
527 1027 647 1049 verum
664 1020 764 1049 vetus
781 1016 909 1049 Albula
927 1027 1061 1049 nomen.

179 1061 238 1095 Me
255 1062 396 1106 pulsum
412 1062 536 1106 patria,
554 1061 736 1105 pelagique
754 1066 909 1094 extrema
927 1065 1135 1106 sequentem,

179 1106 336 1141 Fortuna
353 1107 570 1151 omnipotens
587 1112 622 1140 et
639 1106 863 1140 ineluctabile
879 1107 993 1140 fatum

179 1152 245 1185 His
262 1164 406 1196 posuere
422 1152 505 1186 locis
523 1165 530 1192 ;
555 1152 744 1195 matrisque
762 1163 861 1195 egere
877 1151 1058 1185 tremenda

179 1198 371 1231 Carmentis
389 1198 551 1242 nymphae
568 1197 711 1239 monita,
729 1201 764 1230 et
781 1198 865 1230 deus
881 1202 1002 1231 auctor
1018 1197 1152 1242 Apollo.

179 1243 248 1276 Vix
265 1254 306 1277 ea
322 1244 416 1277 dicta
433 1256 441 1284 ;
466 1244 591 1276 dehinc
607 1254 805 1287 progressus
821 1247 992 1276 monstrat
1008 1247 1044 1276 et
1059 1254 1166 1286 aram,

177 1289 224 1322 Et
242 1289 494 1323 Carmentalem
513 1289 666 1322 Romano
684 1289 822 1321 nomine
839 1293 975 1332 portam

178 1334 290 1374 Quam
306 1339 508 1378 memorant,
526 1334 690 1378 nymphae
707 1334 859 1378 priscum
877 1334 1068 1368 Carmentis
1085 1333 1250 1368 honorem

178 1379 277 1413 Vatis
294 1380 448 1414 fatidicae
463 1392 469 1414 :
495 1380 621 1413 cecinit
639 1390 715 1423 quae
732 1380 844 1424 prima
860 1379 997 1413 futuros
1227 1381 1294 1414 340

175 1425 349 1459 AEneadas
365 1437 508 1469 magnos
525 1430 560 1459 et
577 1425 691 1458 nobile
709 1425 939 1458 Pallanteum.

175 1471 269 1504 Hinc
286 1471 406 1504 lucum
422 1472 611 1514 ingentem,
629 1481 732 1514 quem
751 1471 918 1504 Romulus
936 1481 1014 1504 acer
1030 1470 1177 1515 Asylum

176 1516 320 1560 Retulit,
339 1521 374 1550 et
391 1517 506 1560 gelida
523 1521 693 1550 monstrat
710 1516 774 1550 sub
790 1527 876 1560 rupe
893 1516 1074 1560 Lupercal,

173 1561 355 1595 Parrhasio
375 1562 509 1595 dictum
526 1562 638 1596 Panos
656 1562 698 1595 de
714 1573 807 1595 more
824 1562 947 1606 Lycaei.

172 1607 244 1640 Nec
261 1619 331 1640 non
348 1612 383 1641 et·
401 1608 487 1641 sacri
504 1612 675 1641 monstrat
691 1619 814 1640 nemus
832 1607 991 1651 Argileti,

173 1650 217 1685 Tc
208 1657 401 1696 staturque
418 1653 542 1696 locum,
560 1658 595 1686 et
611 1653 722 1686 letum
740 1653 840 1686 docet
856 1653 1002 1697 hospitis
1019 1652 1114 1697 Argi.

171 1695 264 1731 Hinc
282 1698 326 1731 ad
344 1698 525 1743 Tarpeiam
543 1699 657 1732 sedem
675 1704 709 1732 et
727 1698 898 1742 Capitolia
914 1698 1021 1741 ducit,

168 1742 284 1778 Aurea
300 1755 404 1788 nunc,
423 1744 505 1809 011111
522 1744 736 1778 silvestribus
754 1744 893 1778 horrida
909 1743 1032 1778 dumis.
