1330 1932
451 70 673 105 AENEIDOS
698 71 786 105 LIB.
813 71 883 105 III.
1160 74 1224 108 147

111 135 198 169 Vela
213 138 322 178 vocet,
340 136 516 180 possisque
533 137 628 170 sinus
645 137 788 181 implere
805 139 1027 182 secundos,—

112 181 204 222 Quin
221 181 323 214 adeas
340 186 466 225 vatem,
483 183 710 227 precibusque
727 184 866 217 oracula
884 196 1010 228 poscas.

111 226 192 270 Ipsa
209 230 322 269 canat,
339 238 524 271 vocemque
541 228 658 261 volens
675 234 780 272 atque
797 241 856 262 ora
872 230 1029 264 resolvat.

110 272 178 305 Illa
194 271 259 304 tibi
276 272 388 305 Italiae
406 273 560 317 populos,
578 278 793 318 venturaque
810 275 910 318 bella,

109 317 165 360 Et,
184 328 252 360 quo
269 329 439 361 quemque
455 319 556 352 modo
572 320 754 364 fugiasque
771 321 929 364 ferasque
946 321 1105 365 laborem,

109 362 291 407 Expediet,
309 374 496 407 cursusque
514 364 612 398 dabit
628 370 792 398 venerata
809 367 985 400 secundos.
1157 369 1225 400 460

110 407 197 441 Haec
214 413 305 451 sunt,
322 420 397 452 quae
414 414 530 443 nostra
548 410 650 443 liceat
668 415 702 444 te
720 423 800 444 voce
817 413 956 445 moneri.

111 452 206 486 Vade
223 464 296 496 age,
313 458 348 486 et
365 453 543 496 ingentem
560 454 661 487 factis
678 455 730 487 fer
747 455 790 488 ad
809 455 940 488 aethera
957 454 1117 498 Trojam’

156 498 174 514 “
189 498 271 539 Quae
294 503 478 542 postquam
495 503 591 532 vates
609 500 656 532 sic
674 511 729 533 ore
747 501 871 533 effatus
889 501 999 534 amico
1017 506 1077 543 est,

109 542 210 576 Dona
227 543 352 576 dehinc
370 555 453 576 auro
470 544 591 586 gravia-
608 548 768 587 sectoque
785 544 970 587 elephanto

111 588 267 632 Imperat
284 589 328 622 ad
344 600 449 622 naves
465 589 557 631 fe1ri,
576 590 751 633 stipatque
768 590 894 622 carinis

112 633 242 677 Ingens
259 638 454 677 argentum,
470 635 726 678 Dodonaeosque
742 635 881 677 lebetas,

111 679 270 712 Loricam
285 683 477 712 consertam
493 679 605 713 hamis
622 692 773 724 auroque
791 680 948 722 trilicem,

110 724 158 758 Et
175 736 299 758 conum
315 725 461 768 insignis
478 726 585 769 galeae
603 726 794 769 cristasque
811 731 996 768 comantes,

110 770 219 803 Arma
234 771 460 814 Neoptolemi.
509 770 599 804 Sunt
616 775 651 804 et
668 783 730 805 sua
746 771 836 804 dona
852 773 998 815 parenti.

110 815 221 848 Addit
237 827 352 859 equos,
369 816 534 860 additque
551 817 655 849 duces
671 829 680 857 ;
1158 819 1225 851 470

111 861 310 906 Remigium
327 862 475 905 supplet,
493 862 598 895 socios
616 862 719 895 simul
735 862 880 896 instruit
896 863 1010 896 armis.

162 906 332 940 “Interea
349 908 492 941 classem
509 908 594 940 velis
612 913 731 951 aptare
744 907 891 950 jubebat

112 949 289 994 Anchises,
306 951 404 984 fieret
419 954 522 984 vento
539 961 634 983 mora
650 961 693 982 ne
712 961 779 993 qua
796 951 931 984 ferenti.

114 996 224 1038 Quem
241 996 363 1030 Phoebi
378 996 547 1040 interpres
562 996 674 1028 multo
692 996 875 1040 compellat
892 997 1018 1030 honore
1033 1009 1040 1031 τ

117 1043 311 1086 ‘Coniugio‚
333 1041 491 1084 Anchisa,
509 1042 652 1075 Veneris
669 1041 812 1084 dignate
831 1043 984 1087 superbo,

113 1088 204 1122 Cura
220 1087 333 1131 desim,
349 1087 402 1120 bis
419 1087 618 1130 Pergameis
635 1090 750 1130 erepte
764 1086 885 1128 ruinis,

113 1133 202 1167 Ecce
218 1133 282 1167 tibi
299 1133 460 1166 Ausoniae
477 1132 581 1165 tellus
595 1144 602 1165 :
626 1132 717 1165 hanc
733 1132 846 1176 arripe
862 1132 956 1166 velis.

113 1179 161 1213 Et
178 1183 295 1212 tamen
311 1179 401 1211 hanc
417 1178 539 1222 pelago
555 1177 796 1222 praeterlabare
811 1189 947 1211 necesse
964 1181 1037 1211 est:

115 1225 278 1258 Ausoniae
294 1236 373 1268 pars
390 1224 451 1257 illa
466 1224 596 1267 procul,
614 1235 718 1266 quam
735 1223 858 1267 pandit
874 1223 1008 1268 Apollo.

119 1269 236 1311 Vade,’
253 1269 313 1311 ait,
331 1269 340 1285 ‘
351 1280 370 1302 o
385 1268 472 1302 felix
488 1270 564 1301 nati
579 1270 709 1313 pietate
726 1271 732 1303 !
759 1269 843 1313 quid
860 1269 954 1302 ultra
1164 1270 1232 1301 480

118 1313 300 1354 Provehor,
317 1318 352 1347 et
368 1314 473 1347 fando
490 1319 668 1357 surgentes
686 1315 842 1347 demoror
859 1318 992 1347 austros
1006 1313 1030 1347 ‘l'

117 1356 191 1390 Nec
206 1356 322 1389 minus
339 1357 590 1398 Andromache,
609 1358 763 1399 digressu
779 1362 901 1390 maesta
918 1369 1086 1402 supremo,

117 1402 201 1435 Fert
217 1402 411 1446 picturatas
427 1403 504 1436 auri
521 1401 714 1435 subtemine
730 1407 842 1435 vestes

117 1447 165 1481 Et
181 1447 371 1490 Phrygiam
389 1448 536 1481 Ascanio
553 1448 771 1491 chlamydem
786 1461 794 1489 ;
818 1460 881 1481 nec
898 1449 990 1482 cedit
1006 1448 1128 1482 honori
1142 1461 1150 1489 ;

119 1493 381 1537 Textilibusque
398 1497 517 1527 onerat
535 1494 641 1535 donis,
659 1506 698 1527 ac
715 1493 800 1527 talia
816 1495 912 1527 fatur
926 1506 933 1527 z

125 1539 273 1584 ‘Accipe
289 1544 324 1573 et
340 1540 424 1575 haec.
442 1551 612 1573 manuum
629 1539 694 1572 tibi
711 1550 786 1583 quae
804 1541 1031 1572 monumenta
1047 1549 1205 1571 mearum

118 1588 206 1631 Sint,
222 1599 318 1633 puer,
338 1591 373 1620 et
388 1587 532 1629 longum
549 1584 801 1618 Andromachae
819 1588 993 1616 testentur
1009 1594 1169 1626 amorem,

120 1634 284 1678 Conjugis
301 1633 490 1666 Hectoreae.
539 1631 629 1674 Cape
646 1630 736 1662 dona
753 1633 908 1662 extrema
924 1634 1074 1672 tuorum,

121 1681 150 1714 Ο
165 1680 254 1713 mihi
270 1679 342 1712 sola
357 1678 424 1711 mei
443 1688 544 1721 super
562 1675 784 1719 Astyanactis
802 1675 924 1718 imago.

121 1726 178 1761 Sic
193 1725 318 1768 oculos,
336 1724 384 1758 sic
400 1724 460 1757 ille
476 1733 610 1765 manUS,
628 1722 676 1754 sic
691 1732 751 1754 ora.
766 1720 899 1754 ferebat
913 1733 922 1761 ;
1168 1720 1235 1752 490
