1345 1927
113 74 180 105 310
423 67 460 101 P.
479 66 681 100 VIRGILII
709 63 922 99 MARONIS

113 138 202 169 ‘l'um
218 134 368 169 latebras
385 134 520 176 ammte,
538 137 659 177 pectus
675 143 839 165 mucrone
855 129 1015 164 recludit.

113 182 212 215 'l'alia
228 192 289 225 per
306 191 443 224 campos
461 178 585 212 edebat
601 179 725 211 funera
741 177 864 210 ductor

115 227 322 269 Dardanius,
339 225 503 260 torrentis
520 235 618 268 aquae
636 223 691 257 vel
709 222 858 256 turbinis
876 221 944 254 atri

116 273 212 306 More
228 272 356 305 furens.
397 271 551 304 Tandem
568 272 766 313 erumpunt,
782 272 817 301 et
834 272 947 300 castra.
962 265 1169 310 relinquunt

116 318 284 351 Ascanius
300 328 386 362 puer
403 320 439 350 et
455 316 692 359 nequidquam
709 314 844 347 obsessa
856 313 1035 356 juventus.

159 364 184 398 J
188 374 338 397 unonem
354 363 488 396 interea
505 360 690 406 compellat
707 359 850 403 Jupiter
867 357 958 391 ultro
972 368 980 391 :

117 411 136 424 ‘⁴
149 408 177 442 Ο
194 419 359 450 germana
375 408 463 440 mihi
480 413 585 451 atque
602 407 721 440 eadem
739 405 934 448 gratissima
950 405 1089 448 conjux,

116 449 164 483 Ut
180 450 310 491 rebare,
332 451 556 484 Venus—nec
574 455 608 484 te
626 451 799 484 sententia
815 450 956 483 fallit-—

115 495 278 538 Troianas
297 499 470 529 sustentat
487 508 588 540 opes:
613 507 683 528 non
701 496 817 529 vivida
833 495 923 528 bello

111 539 244 573 Dextra
262 541 353 582 viris,
371 541 575 584 animusque
591 540 698 581 ferox,
715 540 918 583 patiensque
935 535 1087 582 pericli.”
1157 537 1224 569 610

113 586 173 618 Cui
191 586 216 619 J
218 596 287 619 uno
305 586 473 619 submissa
489 598 496 620 2
523 586 539 602 “
553 585 654 626 Quid,
672 596 690 618 o
708 584 938 628 pulcherrime
954 584 1093 626 conjux,

114 631 286 664 Sollicitas
303 643 431 674 aegram
449 635 484 664 et
500 635 563 664 tua
579 631 693 664 tristia
710 631 804 663 dicta
821 628 1029 663 timentem?

113 677 150 709 si
165 677 262 719 mihi,
282 688 359 720 quae
377 677 551 720 quondam
568 677 692 718 fuerat,
711 686 885 719 quamque
901 686 973 708 esse
990 673 1144 718 decebat,

115 722 175 755 Vis
192 722 229 755 in
246 734 361 755 amore
377 723 466 755 foret
480 735 488 763 ;
513 734 583 756 non
600 722 665 755 hoc
681 722 768 755 mihi
784 732 937 763 namque
953 732 1106 764 negares,

113 768 349 812 Omnipotens,
367 768 453 812 quin
469 772 504 802 et
521 779 648 812 pugnae
666 767 856 800 subducere
873 766 1039 810 Turnum,

112 813 159 847 'fit
175 814 300 847 Dauno
317 825 449 857 possem
466 813 675 847 incolumem
693 824 827 846 servare
844 812 990 856 parenti.

112 858 216 892 Nunc
233 863 362 903 pereat,
380 859 588 903 Teucrisque
605 859 662 903 pio
679 859 738 892 det
755 858 925 901 sanguine
941 868 1069 902 poenas.

113 904 177 937 me
194 909 312 938 tamen
328 910 446 938 nostra
463 905 605 938 deducit
622 905 753 947 origine
770 915 906 946 nomen,

113 949 364 995 Pilumnusque
380 950 433 983 illi
451 955 596 994 quartus
613 955 712 994 pater
722 963 730 991 ;
748 954 783 982 et
800 953 862 982 tua
878 949 976 992 larga

113 998 209 1037 c'aepe
225 1005 332 1027 manu
348 996 537 1037 multisque
554 995 711 1027 oneravit
728 994 850 1027 limina
867 994 1001 1028 donis.”
1157 998 1223 1029 620

114 1040 176 1072 Cui
195 1050 257 1072 rex
275 1039 409 1072 aetherii
427 1039 576 1072 breviter
593 1039 640 1072 sic
657 1039 752 1072 fatur
769 1040 909 1083 Olympi
925 1051 932 1073 :

115 1089 132 1100 ‘⁵
147 1084 181 1117 Si
199 1095 295 1117 mora
311 1085 491 1128 praesentis
507 1085 569 1118 leti
586 1089 790 1128 tempusque
808 1085 939 1118 caduco

115 1128 242 1161 Utatur
255 1128 528 1172 „iuvenifmeque
545 1129 610 1162 hoc
626 1129 677 1162 ita
693 1139 819 1172 ponere
836 1128 961 1162 sentis:

113 1174 207 1207 Tolle
223 1174 310 1217 fuga
326 1174 493 1217 Turnum,
510 1179 615 1218 atque
630 1173 842 1207 instantibus
859 1174 952 1218 eripe
968 1174 1060 1208 fatis.

114 1219 294 1252 Hactenus
311 1220 494 1253 indulsisse
510 1224 621 1254 vacat.
662 1220 723 1254 Sin
739 1220 842 1253 altior
857 1219 933 1252 istis

113 1265 184 1297 Sub
202 1265 360 1309 precibus
377 1266 480 1299 venia
495 1265 569 1299 ulla
585 1266 683 1309 latet,
700 1270 883 1309 totumque
898 1265 1030 1299 moveri

112 1309 286 1344 Mutarive
302 1314 405 1354 putas
421 1311 551 1344 bellum
565 1324 571 1345 :
598 1324 673 1356 spes
690 1313 798 1356 pascis
816 1313 970 1346 inanes.”

112 1354 156 1387 ¹:31:
173 1356 267 1389 Juno
284 1357 503 1389 allacrimans
518 1371 524 1389 :
551 1358 569 1374 ‘⁴
582 1358 673 1398 Quid
691 1359 728 1400 si,
746 1358 838 1401 quod
857 1369 937 1392 voce
954 1358 1120 1402 gravaris,

111 1397 230 1431 Mente
248 1399 366 1440 dares3
390 1403 496 1443 atque
512 1400 587 1433 haee
604 1401 721 1434 Turno
736 1406 814 1435 rata
830 1402 905 1435 vita
921 1402 1103 1437 maneret?

110 1443 213 1477 Nune
229 1449 348 1478 manet
364 1445 537 1479 insontem
554 1447 669 1489 gravis
687 1447 803 1480 exitus
817 1459 824 1480 :
850 1451 913 1480 aut
929 1459 992 1491 ego
1009 1449 1081 1482 veri
1161 1451 1228 1483 630

111 1489 211 1536 Yana
227 1491 326 1524 feror.
368 1490 467 1531 Quod
484 1495 525 1524 ut
541 1503 560 1525 ο
578 1493 693 1536 potius
710 1493 894 1526 formidine
909 1493 999 1526 falsa

110 1535 234 1578 Ludar,
253 1540 288 1569 et
305 1536 341 1568 in
358 1537 483 1569 melius
501 1542 572 1579 tua,
590 1538 650 1582 quj
668 1542 774 1582 potes,
793 1550 869 1572 orsa
884 1538 1041 1573 reflectas
1055 1539 1084 1573 23¹

110 1580 195 1613 Haec
213 1581 273 1614 ubi
291 1582 385 1614 dicta
402 1582 508 1625 dedit,
520 1583 604 1616 coelo
623 1595 656 1616 se
673 1588 839 1627 protenus
855 1584 927 1617 alto

109 1625 216 1668 Misit,
235 1638 340 1670 agens
357 1627 506 1661 hiemem
523 1629 640 1662 nimbo
658 1630 834 1662 succincta
850 1641 912 1674 per
928 1641 1030 1664 auras
1042 1642 1054 1672 ς

108 1670 321 1715 Iliacamque
339 1673 447 1706 aciem
465 1678 501 1707 et
517 1673 706 1708 Laurentia
724 1679 837 1708 castra
854 1675 989 1719 petivit.

106 1716 124 1751 ‘J
138 1728 197 1752 um
214 1717 279 1752 dea
295 1717 387 1753 nube
405 1730 490 1754 cava
507 1724 648 1754 tenuem
665 1721 738 1754 sine
755 1721 887 1755 viribus
904 1721 1062 1755 umbram
