1345 1927
144 125 211 157 160
444 122 481 157 P.
508 122 713 157 VIRGILII
738 122 953 157 MARONIS

144 191 209 224 Ille
227 191 299 225 dies
315 192 449 236 primus
465 191 528 225 leti
545 192 746 236 primusque
762 191 935 225 malorum

143 237 255 271 031183
270 237 349 271 fuit.
398 237 519 281 Neque
536 238 629 271 enim
647 238 759 282 specie
776 238 914 270 famave
930 240 1100 282 movetur,
1195 233 1263 273 1¹70

141 282 214 316 Nec
226 284 302 335 jam
317 283 490 316 furtivum
507 283 598 316 Dido
614 284 806 316 meditatur
823 294 995 316 amorem:

144 329 227 362 Con
213 329 354 372 Jugium
372 334 495 362 vocat·
487 355 495 370 ‚
520 329 584 362 hoc
601 329 765 373 praetexit
782 329 921 361 nomine
937 328 1086 372 culpam.

189 341 376 419 Ethemplo
394 374 511 418 Libyae
528 386 672 418 magnas
689 375 718 408 it
736 374 844 407 Fama
861 385 922 418 per
937 374 1097 418 urbes,—

142 419 261 463 Fama,
278 420 420 463 malum,
439 432 506 464 quo
524 432 594 453 11011
611 420 708 454 aliud
725 420 876 453 velocius
893 419 1028 454 ullum:

143 465 342 499 Mobilitate
359 467 464 510 viget,
482 466 639 510 viresque
655 466 806 510 acquirit
823 465 960 506 eund0;

143 511 256 545 Parva
272 516 370 545 metu
387 512 521 555 primo;
546 523 627 545 mox
645 523 716 545 sese
733 511 890 544 attollit
881 523 918 544 111
935 522 1047 554 311188,

144 557 416 601 Ingreditur-que
433 557 512 599 solo,
530 561 565 590 et
582 562 690 609 caput
705 557 798 590 inter
813 556 935 590 nubila
952 537 1079 591 condit.

142 603 247 636 Illam
264 602 369 636 Terra
385 613 520 646 parens,
536 602 588 636 ira
605 602 742 636 irritata
758 602 910 645 deorum,

142 648 356 691 Extremam,
373 653 416 681 ut
432 648 628 692 perhibent,
645 648 724 681 Coeo
741 647 985 691 Enceladoque
1001 659 1150 682 sororem

142 694 343 737 progenuit,
361 693 507 738 pedibus
524 694 671 727 celerem
688 697 723 726 et
740 692 938 737 pernicibus
954 693 1018 726 alis
1033 706 1042 734 ;
1198 696 1266 728 180

142 739 340 773 Monstrum
347 739 568 782 horrendum,
576 740 709 782 ingens,
718 739 775 772 cuj
787 743 871 782 quot
882 743 963 772 sunt
974 750 1113 784 corpore
1124 739 1264 784 plumae,

142 785 207 819 Tot
225 785 347 830 vigiles
363 785 455 819 oculi
474 785 601 829 subter,
618 785 778 818 mirabile
795 785 903 827 dictu,

142 831 207 865 Tot
224 831 364 875 linguae,
382 831 529 864 totidem
545 842 605 864 ora
622 834 757 873 sonant,
774 834 827 864 tot
844 830 993 874 subrigit
1009 841 1120 865 auree.

141 877 253 910 Nocte
270 877 365 910 volat
382 877 460 910 coeli
476 876 590 910 medio
607 881 777 920 terraeque
794 887 856 920 per
871 876 1032 910 umbram

142 922 308 965 Stridens,
326 934 390 956 nec
408 922 503 956 dulci
520 922 674 956 declinat
691 922 827 955 lumina
844 933 972 955 somno.

142 968 235 1002 Luce
253 969 349 1002 sedet
366 973 480 1002 custos
498 972 560 1002 aut
576 968 703 1001 summi
720 968 873 1001 culmine
891 968 985 1010 tecti,

141 1013 308 1047 Turribus
325 1018 388 1048 aut
405 1014 497 1057 altis,
515 1018 549 1047 et
566 1025 711 1058 magnas
729 1014 869 1047 territat
886 1013 998 1054 urbes,

143 1060 231 1093 Tam
247 1060 322 1093 ficti
339 1060 507 1104 pravique
524 1064 641 1102 tenaX,
659 1070 765 1103 quam
781 1059 911 1092 nuncia
929 1059 1010 1092 veri.

144 1105 230 1139 Haec
247 1110 324 1139 tum
340 1105 529 1157 multiplici
547 1105 693 1150 populos
711 1116 865 1138 sermone
882 1104 1038 1149 replebat

143 1151 315 1195 Gaudens,
334 1156 368 1185 et
385 1152 516 1195 pariter
531 1151 627 1184 facta
643 1155 749 1195 atque
766 1151 897 1184 infecta
914 1150 1082 1184 canebat:
1201 1152 1267 1185 190

143 1196 287 1230 Venisse
303 1197 448 1240 AEnean,
467 1196 613 1241 Trojano
630 1208 651 1230 3
668 1197 838 1240 sanguine
855 1201 999 1240 cretum,

143 1243 208 1276 0111
226 1254 260 1276 88
277 1242 425 1287 pulchra
442 1242 514 1276 viro
532 1243 724 1285 dignetur
709 1253 858 1286 Jungere
876 1242 990 1282 Dido3

143 1288 246 1322 Nune
263 1289 413 1321 hiemem
430 1288 522 1321 inter
539 1300 573 1321 se
591 1288 689 1331 luxu,
708 1299 812 1331 quam
830 1288 944 1331 longa,
960 1288 1086 1331 fovere,

144 1334 370 1378 Regnorum
361 1345 577 1367 immemores
596 1315 761 1377 turpique
778 1333 942 1378 cupidine
959 1337 1087 1377 captos.

144 1380 231 1413 Haec
249 1380 380 1424 passim
397 1379 462 1412 dea
478 1379 571 1413 foeda
588 1379 703 1412 virum
720 1379 888 1412 diffundit
905 1379 943 1412 in
962 1390 1030 1412 013.

145 1425 310 1459 Protinus
327 1426 372 1458 ad
388 1436 505 1468 regem
522 1436 641 1458 cursus
658 1425 842 1468 detorquet
860 1424 998 1467 Iarban,

147 1471 378 1515 Incenditque
395 1472 552 1505 animum
570 1471 682 1514 dictis,
700 1475 805 1514 atque
822 1474 966 1514 aggerat
982 1471 1058 1504 1138.

193 1517 262 1550 Hic
281 1517 476 1550 Hammone
495 1521 599 1560 satus,
616 1521 718 1561 rapta
736 1516 982 1550 Garamantide
999 1515 1174 1560 Nympha,

145 1562 289 1607 Templa
306 1563 331 1596 J
333 1563 388 1596 ovi
406 1567 548 1596 centum
564 1563 645 1596 latis
662 1563 830 1596 immania
846 1562 972 1606 regnis,

146 1609 294 1642 Centum
311 1620 386 1642 aras
403 1609 542 1652 posuit3
567 1608 777 1652 vigilemque
795 1612 988 1641 sacraverat
1005 1607 1122 1651 ignem
1192 1608 1265 1641 200

147 1654 322 1687 Excubiae
340 1654 462 1687 divum
479 1658 635 1695 aeternas,
653 1654 896 1698 pecudumque
912 1664 1031 1686 cruore

146 1699 283 1743 Pingue
301 1699 422 1742 solum,
441 1704 476 1732 et
493 1700 596 1733 variis
613 1681 774 1733 fl’orentia
790 1699 912 1732 limina
928 1699 1036 1732 sertis.

148 1745 252 1788 Isque
271 1757 389 1778 amens
406 1746 526 1788 animi,
544 1751 579 1779 et
595 1756 732 1778 rumore
749 1756 913 1778 accensus
929 1755 1056 1787 amaro,

146 1790 287 1824 Dicitur
303 1797 386 1831 ante
403 1802 488 1834 aras,
505 1791 621 1825 1118(113
637 1791 730 1825 inter
745 1791 891 1824 numina
907 1790 1039 1833 divum,
