1345 1927
410 94 678 128 GEORGICON
704 94 791 128 LIB.
818 95 884 129 III.
1155 99 1199 130 65

80 162 254 205 Nascitur,
271 165 306 196 et
321 161 441 206 pluvio
459 162 642 194 contristat
657 161 784 204 frigore
802 162 935 195 coelum.

80 207 149 240 Hic
166 208 315 250 demum,
332 208 559 251 hippomanes
576 218 655 239 vero
672 207 764 250 quod
780 207 920 240 nomine
937 208 1061 241 dicunt
1131 210 1198 242 280

79 252 248 296 Pastores,
265 253 402 286 lentum
419 252 574 285 destillat
591 251 635 285 ab
650 252 795 295 inguine
813 253 916 295 virus,

80 298 327 342 Hippomanes,
345 298 436 342 quod
454 309 544 341 saepe
560 298 662 330 malae
678 298 792 340 legere
808 309 975 342 novercae,

77 343 365 388 Miscueruntque
382 343 504 377 herbas
521 347 556 376 et
572 354 642 376 non
658 343 802 376 innoxia
819 344 931 377 verba.

123 389 191 423 Sed
207 389 300 432 fugit
316 390 460 431 interea,
476 389 571 432 fugit
587 388 809 432 irreparabile
827 393 974 433 tempus,

77 433 224 478 Singula
239 435 324 467 dum
342 435 436 486 capti
453 434 765 467 circumvectamur
781 445 904 468 amore.

78 479 154 513 Hoc
171 480 254 513 satis
270 480 458 520 armentis;
484 484 625 524 superat
642 491 721 523 pars
738 479 848 513 altera
865 491 966 524 curae,

76 525 263 569 Lanigeros
279 526 412 569 agitare
429 536 549 568 greges
566 525 745 568 hirtasque
762 526 920 569 capellas.

77 570 147 604 Hic
164 571 278 611 labor;
304 571 385 604 hinc
402 571 543 604 laudem
558 571 664 603 fortes
682 575 816 622 sperate
834 571 954 605 coloni.

76 615 150 650 Nec
167 628 244 649 sum
261 617 369 650 animi
386 616 522 658 dubius,
540 615 652 649 verbis
669 627 710 649 ea
726 617 864 650 vincere
880 628 1049 660 magnum

77 661 190 702 Quam
208 662 262 704 sit,
280 667 315 695 et
332 661 489 705 angustis
506 661 600 694 hunc
617 661 744 695 addere
759 662 861 695 rebus
878 662 1052 696 honorem.
1127 665 1195 697 290

76 705 144 740 Sed
160 719 215 741 me
232 707 376 741 Parnasi
393 707 528 740 deserta
545 718 606 750 per
621 707 731 740 ardua
748 707 859 740 dulcis

77 751 209 796 Raptat
225 764 339 793 amor;
359 754 463 796 juvat
481 753 530 785 ire
542 753 648 796 jugis,
668 763 737 795 qua
753 753 852 786 nulla
869 753 1025 797 priorum

77 797 264 831 Castaliam
280 798 376 831 molli
394 798 586 830 devertitur
601 797 714 830 orbita
730 798 827 831 clivo.

121 844 156 877 N
156 855 235 887 unc,
252 843 449 876 veneranda
466 842 575 885 Pales,
592 854 718 886 magno
735 854 829 876 nunc
847 854 903 877 ore
921 843 1125 879 sonandum.

76 888 251 933 Incipiens
269 889 414 922 stabulis
431 888 526 921 edico
543 889 581 921 in
597 888 759 921 mollibus
776 889 918 922 herbam

75 934 221 978 Carpere
238 946 326 977 oves,
344 934 428 967 dum
444 946 525 967 mox
541 934 702 967 frondosa
718 934 897 968 reducitur
914 940 1034 976 aestas;

75 979 122 1013 Et
137 980 251 1014 multa
267 980 390 1013 duram
408 980 476 1023 stip
478 980 537 1013 ula
553 979 754 1023 filicumque
770 980 934 1024 maniplis

75 1024 235 1059 Sternere
251 1025 368 1059 subter
384 1025 540 1068 111111111111,
558 1025 731 1068 glaciesne
747 1026 877 1069 frigida
893 1026 999 1060 laedat

74 1070 182 1105 Molle
197 1083 312 1115 pecus,
330 1071 547 1115 scabiemque
563 1071 654 1104 ferat
670 1075 858 1115 turpesque
875 1072 1054 1124 podagras,

75 1115 158 1150 Post
173 1117 255 1150 hinc
272 1117 445 1160 digressus
457 1117 562 1160 jubeo
579 1116 778 1150 frondentia
795 1118 907 1161 capris
1125 1120 1193 1152 300

73 1161 210 1196 Arbuta
226 1163 390 1206 sufficere,
407 1166 443 1195 et
458 1162 581 1195 fluvios
598 1162 749 1206 praebere
765 1167 938 1197 recentes:

73 1206 121 1241 Et
137 1208 275 1242 stabula
291 1220 313 1242 a
329 1208 442 1241 ventis
458 1207 602 1241 hiberno
620 1219 791 1252 opponere
808 1209 871 1242 soli

73 1252 129 1286 Ad
144 1254 300 1287 medium
315 1265 479 1287 conversa
489 1254 597 1296 diem,
615 1264 724 1296 quum
740 1254 889 1297 frigidus
906 1254 989 1288 olim

1 1302 7 1342 ζῇ
73 1298 99 1332 J
101 1310 158 1332 am
175 1299 269 1332 cadit
285 1304 508 1348 extremoque
523 1299 648 1332 irrorat
665 1299 839 1342 Aquarius
857 1311 957 1334 anno.

73 1343 140 1378 Hae
159 1355 295 1388 quoque
311 1356 382 1378 non
398 1356 482 1377 cura
497 1344 596 1377 nobis
611 1344 739 1378 leviore
756 1345 917 1386 tuendae;

71 1389 107 1422 N
107 1401 146 1423 ec
162 1390 276 1423 minor
291 1401 376 1423 usus
392 1390 478 1430 erit3
503 1390 661 1433 quamvis
678 1390 818 1423 Milesia
833 1402 961 1434 magno

9 1431 12 1450 *
72 1433 210 1469 Vellera
225 1440 408 1468 mutentur
423 1435 542 1478 Tyrios
559 1435 695 1469 incocta
710 1435 860 1469 rubores.

71 1480 218 1514 Densior
233 1481 316 1514 hinc
334 1481 478 1524 suboles,
495 1481 577 1513 hinc
593 1481 683 1524 largi
700 1481 799 1533 copia
814 1481 938 1514 lactis·
931 1508 937 1515 .

12 1551 17 1573 ,ἲ
72 1526 186 1568 Quam
199 1526 312 1570 magis
329 1527 499 1560 exhausto
517 1527 730 1570 spumaverit
747 1527 852 1560 ubere
867 1527 1038 1568 mulctra3

71 1571 169 1606 Laeta
183 1572 301 1625 magis
312 1573 437 1616 pressis
453 1573 648 1605 manabunt
663 1572 811 1606 flumina
825 1573 994 1606 mammis.
1122 1575 1191 1607 310

18 1655 19 1658 ¹
70 1617 144 1651 Nec
159 1618 275 1651 minus
291 1618 426 1651 interea
441 1618 590 1651 barbas·
581 1629 773 1662 incanaque
788 1623 909 1652 menta

71 1663 236 1708 Cinyphii
251 1664 399 1697 tondent
416 1663 504 1696 hirci
522 1668 694 1707 saetasque
711 1668 886 1697 comantes

71 1708 209 1742 Usum
198 1721 236 1742 m
253 1714 454 1751 castrorum,
472 1713 507 1743 et
522 1710 655 1743 miseris
671 1709 846 1743 velamina
862 1710 989 1744 nautis

71 1753 270 1789 Pascuntur
285 1766 366 1790 vero
383 1755 487 1789 silvas
505 1759 540 1789 et
557 1766 692 1788 summa
708 1755 833 1799 Lycaei,

619 1811 639 1834 r
