1345 1927
151 86 220 118 358
457 84 495 119 Ρ.
521 85 725 119 VIRGILII
751 84 966 119 MARONIS

152 151 287 195 Agmen
305 151 399 196 agit;
424 151 521 185 densi
539 153 657 186 cuneis
675 164 709 186 se
727 153 874 196 quisque
891 152 1019 186 coactis

152 196 411 241 Agglomerant.
454 197 550 231 Ferit
566 209 646 232 ense
663 209 805 242 gravem
822 198 1050 242 Thymbraeus
1069 197 1205 242 Osirim,

151 242 359 276 Archetium
377 243 592 286 Mnestheus,
611 244 805 288 Epulonem
822 243 1009 277 obtruncat
1027 244 1186 287 Achates,

153 287 386 333 Ufentemque
405 289 515 333 Gyas;
541 290 635 323 cadit
653 291 725 334 ipse
743 289 946 334 Tolumnius
964 301 1087 333 augur,
1204 292 1272 324 460

152 333 290 368 Primus
307 335 344 368 in
361 335 520 369 adversos
539 336 648 369 telum
666 336 726 379 qui
744 339 890 369 torserat
908 335 1031 369 hostes.

152 379 301 414 Tollitur
317 381 354 414 in
372 381 498 414 coelum
516 382 654 423 clamor,
669 382 825 426 versique
844 381 996 415 vicissim

152 424 404 460 pulverulenta
419 427 505 470 fuga
524 427 648 460 Rutuli
666 427 752 460 dant
770 432 868 471 terga
885 439 946 471 per
962 438 1071 471 agros·

152 470 230 515 Ipse
247 483 360 516 neque
376 484 512 506 aversos
529 472 695 516 dignatur
712 478 863 506 sternere
879 474 982 506 morti
998 486 1006 514 ;

151 516 223 550 Nec
240 518 327 561 pede
344 529 540 561 congressos
558 530 667 562 aequo,
685 530 748 552 nec
765 519 836 552 tela
852 519 1002 552 ferentes

151 562 374 607 Insequitur:
401 564 511 597 solum
529 564 635 598 densa
652 565 688 597 in
706 565 855 608 ealigine
872 565 1029 598 Turnum

152 608 313 652 Vestigat
330 609 492 652 lustrans,
511 609 623 643 solum
641 610 677 642 in
696 611 886 644 certamina
902 610 1022 654 poscit.

151 654 227 688 Hoc
244 666 408 689 concussa
425 659 522 689 metu
539 660 693 689 mentem
710 656 735 689 J
738 661 867 689 utuma
884 657 1003 701 virago

151 700 321 744 Aurigam
339 701 447 734 Turni
464 702 580 735 media
597 702 688 735 inter
706 702 777 735 lora
796 702 983 735 Metiscum

151 746 306 789 Excutit,
325 751 360 780 et
377 747 478 790 longe
496 747 633 791 lapsum
651 752 788 781 temone
805 748 993 792 relinquit:
1202 750 1271 783 470

151 792 234 836 Ipsa
251 793 355 836 subit,
373 792 603 837 manibusque
620 794 794 827 undantes
811 794 922 827 flectit
939 794 1100 836 habenas,

151 837 285 871 Cuncta
301 850 433 882 gerenS,
452 850 640 884 vocemque
658 844 692 873 et
710 851 832 884 corpus
851 844 886 873 et
903 851 1000 873 arma
1018 840 1165 875 Metisci.

149 883 260 927 Nigra
275 884 373 918 velut
389 896 534 928 magnas
552 885 682 918 domini
701 897 808 929 quum
827 886 945 919 divitis
963 886 1054 920 aedes

150 929 312 963 Pervolat
329 934 364 963 et
382 931 505 975 pennis
522 931 593 964 alta
611 932 701 964 atria
719 932 846 965 lustrat
864 931 1023 976 hirundo,

150 974 284 1009 Pabula
301 987 408 1020 parva
425 977 552 1019 legens,
570 977 730 1021 nidisque
748 977 951 1020 loquacibus
968 989 1061 1011 escas
1076 990 1085 1018 ;

149 1021 196 1054 Et
213 1033 307 1055 nunc
324 1022 514 1066 porticibus
532 1023 660 1065 vacuis,
680 1035 774 1056 nunc
793 1023 937 1057 humida
954 1024 1086 1057 circum

149 1066 282 1110 Stagna
299 1073 398 1101 sonat
413 1080 420 1101 :
445 1068 567 1101 similis
584 1069 714 1102 medios
732 1069 757 1102 J
758 1074 890 1102 uturna
908 1081 968 1113 per
985 1070 1099 1103 hostes

149 1112 275 1146 Fertur
292 1114 399 1157 equis,
417 1114 607 1159 rapidoque
625 1115 744 1148 volans
762 1115 834 1148 obit
851 1116 967 1149 omnia
984 1127 1087 1149 curru
1102 1128 1110 1157 ;

149 1158 301 1203 Jamque
318 1159 375 1193 hic
393 1171 609 1204 germanum,
621 1162 765 1205 jamque
782 1161 838 1194 hic
856 1165 1009 1195 ostentat
1026 1166 1208 1204 ovantcm;

149 1204 182 1237 N
183 1216 221 1238 ec
239 1205 392 1239 conferre
409 1217 553 1239 manum
570 1207 705 1251 patitur
719 1219 727 1248 3
753 1207 848 1240 volat
865 1207 943 1241 avia
961 1207 1072 1252 longe.
1202 1211 1270 1243 480

149 1250 256 1284 Haud
274 1252 390 1285 minus
408 1252 536 1285 AEneas
554 1256 661 1286 tortos
679 1253 765 1296 legit
783 1253 903 1286 obvius
921 1253 1027 1297 orbes,

150 1296 378 1342 Vestigatque
396 1298 521 1341 virum,
539 1302 574 1331 et
592 1299 737 1341 disjecta
755 1311 815 1343 per
832 1299 972 1343 agmina
989 1311 1118 1344 magna

149 1342 240 1376 Voce
257 1347 368 1378 vocat,
410 1343 550 1385 Quoties
568 1345 683 1378 oculos
701 1345 847 1388 conjecit
864 1345 901 1378 in
918 1345 1062 1390 hostem,

148 1388 403 1434 Alipedumque
420 1390 542 1433 fugam
560 1401 664 1424 cursu
683 1391 833 1424 tentavit
851 1402 1038 1435 equorum5

150 1435 292 1468 Aversos
309 1436 412 1469 toties
429 1448 550 1469 currus
567 1436 725 1470 Jutuma
742 1437 888 1470 retorsit.

150 1480 240 1524 Heu,
259 1482 343 1525 qm'd
361 1482 466 1526 agat?
510 1483 614 1516 Vario
632 1483 869 1527 nequidquam
887 1483 1037 1517 fluctuat
1055 1487 1154 1529 aestu,

148 1526 372 1572 Diversaeque
389 1531 516 1562 vocant
533 1529 690 1561 animum
706 1529 744 1562 in
762 1530 935 1563 contraria
953 1540 1054 1565 curae.

149 1572 243 1606 Huic
263 1573 452 1618 Messapus,
469 1575 524 1608 uti
541 1574 628 1608 laeva
645 1575 714 1608 duo
731 1575 821 1608 forte
838 1574 980 1618 gerebat

149 1617 269 1662 Lenta,
287 1619 373 1653 levis
390 1631 503 1663 cursu,
520 1620 664 1664 praefixa
682 1621 822 1654 hastilia
839 1622 938 1663 ferro,

149 1664 285 1698 Horum
303 1678 414 1699 unum
432 1670 525 1700 certo
543 1671 773 1710 contorquens
791 1667 911 1711 dirigit
929 1667 1014 1702 ictu.
1200 1671 1268 1702 490

149 1710 315 1744 Substitit
331 1711 470 1756 AEneas,
487 1716 522 1746 et
540 1724 574 1746 se
592 1712 732 1756 collegit
749 1713 786 1746 in
803 1725 911 1757 arma,

149 1755 287 1802 Poplite
304 1757 484 1792 subsidens
498 1770 504 1793 :
530 1758 664 1803 apicem
681 1763 799 1793 tamen
816 1759 927 1794 incita
944 1771 1118 1794 summum
