1345 1927
134 82 203 115 396
450 80 488 115 Ρ.
514 81 718 115 VIRGILII
745 81 960 116 MARONIS

133 146 227 181 Tene
244 147 352 181 etiam
368 147 512 181 fortuna
528 148 615 182 mihi
633 149 782 182 crudelis
799 149 941 192 ademit,

133 192 236 236 Tene,
254 204 273 227 o
291 193 363 226 sola
379 204 465 227 meae
484 194 623 227 vivendi
641 205 746 228 causa
762 199 909 228 senectae
921 194 934 228 ’ἶ

135 238 234 283 Saepe
251 243 312 272 tuo
330 239 426 272 dulci
442 239 679 284 nequidquam
696 244 799 284 capta.
817 251 945 284 sopore,

135 284 253 325 Quum
270 289 442 329 premeret
458 292 594 328 natura,
612 286 699 319 mori
716 297 771 319 me
789 286 877 319 velle
894 285 1030 330 negavi,

136 330 185 364 Ut
203 330 268 364 tibi
286 330 427 374 Corycio
444 331 670 374 glomerarem
687 331 848 365 flammea
865 331 949 365 luto.

137 377 212 417 Quo
229 387 324 409 nunc
340 387 405 419 me,
422 377 557 419 infeliX,
575 382 638 410 aut
655 389 732 421 quae
749 389 805 410 me
822 378 969 411 numina
985 376 1150 411 servant?

136 424 192 455 An
209 422 329 465 nescis,
346 433 416 466 qua
432 422 508 466 lege
526 423 634 466 patris
651 423 694 456 de
711 423 841 456 vertice
858 434 991 456 summo

135 467 242 501 Edita.
259 467 446 501 candentes
463 472 634 512 praetexat
652 480 808 512 purpura
825 479 927 502 canos
941 468 954 502 2
1191 470 1260 502 320

135 513 221 554 Quae
238 513 337 547 tenui
355 513 476 557 patriae
495 525 570 557 spes
588 514 633 547 sit
651 525 816 558 suspensa
833 513 986 558 capillo?

136 559 170 592 Si
192 560 312 602 nescis,
330 559 485 603 aliquam
503 567 641 603 possum
661 571 797 603 sperare
814 559 973 602 salutem,

136 604 251 638 Inscia
269 605 552 649 quandoquidem
570 605 681 638 scelus
699 616 733 638 es
751 609 875 638 conata
892 605 1094 639 nefandum.

135 650 197 684 Sin
214 656 275 693 est,
293 650 384 694 quod
402 655 529 693 metuo,
543 662 604 694 per
622 655 666 693 te,
684 661 762 684 mea
779 651 932 693 alumna,
951 656 1122 695 tuumque

136 696 332 740 Expertum
347 697 469 729 multis
486 697 619 730 miserae
636 696 723 729 mihi
741 696 842 730 rebus
859 707 1020 740 amorem,

137 741 202 775 Per
219 747 263 785 te,
281 747 316 776 et
334 753 430 776 sacra
446 753 566 786 precor
583 753 643 786 per
660 742 806 776 flumina
825 742 989 786 Ilithyiae,

135 787 188 821 Ne
207 793 344 822 tantum
361 788 398 821 in
415 788 550 821 facinus
567 793 640 822 tam
657 788 755 821 molli
771 792 888 822 mente
905 788 1067 832 sequaris.

136 833 213 867 Non
232 845 294 877 ego
311 838 347 867 te
363 834 512 878 incepto,
529 833 604 867 fieri
621 834 713 878 quod
731 845 799 867 non
817 839 907 877 pote,
926 845 1029 867 conor

137 879 292 913 Flectere
308 891 432 922 amore,
444 891 557 922 neque
574 884 626 913 est
643 891 723 913 cum
740 879 792 912 dis
810 880 1016 913 contendere
1033 883 1190 913 nostrum
1205 891 1214 920 ;

136 925 202 958 Sed
222 926 330 969 patris
347 925 514 959 incolumi
532 926 646 969 potius
665 931 699 958 te
716 925 846 958 nubere
862 937 978 968 regne,
1192 927 1260 959 330

136 972 252 1015 Atque
269 971 402 1015 aliquos
420 976 538 1004 tamen
555 982 626 1004 esse
644 971 728 1004 velis
746 971 820 1014 tibi,
838 971 990 1014 alumna,
1007 975 1161 1015 penates.

137 1016 213 1050 Hoc
230 1028 351 1059 unum,
369 1017 477 1050 exitio
494 1017 596 1050 docta
613 1021 718 1060 atque
735 1021 888 1060 experta,
905 1017 1059 1050 monebo.

138 1062 237 1102 Quod
255 1063 283 1095 si
300 1074 369 1096 non
386 1062 456 1095 alia
471 1063 599 1106 poteris
616 1063 750 1095 ratione
767 1067 946 1106 parentem

137 1107 411 1149 Flectere‚——sed
428 1108 556 1152 poteris
571 1120 579 1148 ;
605 1108 690 1151 quid
708 1108 801 1141 enim
818 1119 887 1141 non
904 1108 1009 1141 unica
1025 1107 1204 1152 possis?—

137 1154 234 1187 Tunc
251 1154 367 1198 potius
384 1158 502 1187 tamen
520 1154 604 1198 ipsa,
622 1154 678 1198 pio
697 1165 807 1197 quum
819 1155 899 1197 jure
915 1153 1043 1197 licebit,

137 1199 254 1240 Quum
270 1200 356 1233 facti
373 1211 514 1233 causam
531 1205 738 1244 tempusque
755 1199 881 1233 doloris
898 1199 1053 1243 habebis,

136 1245 234 1278 Tunc
252 1246 367 1290 potius
385 1250 509 1279 conata
527 1250 589 1279 tua
605 1250 711 1289 atque
728 1246 867 1289 incepta
884 1245 1018 1279 referto.

139 1291 277 1334 Meque,
296 1291 444 1335 deosque
462 1290 524 1324 tibi
544 1291 696 1334 comites,
713 1302 790 1324 mea
807 1290 959 1334 alumna,
976 1291 1113 1324 futuros

139 1336 329 1370 Polliceor:
354 1337 445 1370 nihil
463 1341 524 1379 est,
542 1337 633 1381 quod
650 1341 749 1370 texas
767 1337 895 1379 ordine,
913 1335 1085 1381 longum.”

187 1383 253 1416 His
271 1383 330 1416 ubi
349 1383 513 1416 sollicitos
532 1383 640 1416 animi
656 1383 872 1416 relevaverat
888 1387 993 1416 aestus
1194 1384 1261 1416 340

139 1428 299 1470 Vocibus,
318 1433 353 1462 et
370 1428 499 1461 blanda
515 1432 639 1472 pectus
657 1439 715 1472 spe
733 1429 864 1461 vicerat
881 1439 1024 1471 aegrum,

140 1473 236 1507 Paul·
231 1475 317 1507 atim
335 1474 566 1507 tremebunda
583 1474 681 1518 genis
699 1473 869 1507 obducere
886 1477 1018 1507 vestem

140 1520 305 1563 Virginis,
322 1524 357 1553 et
374 1520 548 1564 placidam
565 1519 716 1553 tenebris
733 1525 874 1564 captare
891 1519 1054 1564 quietem,

139 1565 280 1598 Inverso
297 1565 456 1598 bibulum
473 1565 692 1617 restinguens
709 1565 827 1598 lumen
845 1565 945 1599 olivo.

140 1611 278 1654 Incipit,
296 1611 339 1644 ad
358 1611 517 1644 crebros'
508 1611 621 1644 msani
639 1611 786 1655 pectoris
804 1611 893 1644 ictus

141 1656 245 1689 Ferre
261 1668 414 1699 manum,
433 1656 579 1690 assiduis
595 1656 751 1690 mulcens
768 1656 957 1701 praecordia
973 1655 1107 1700 palmis.

138 1701 286 1735 Noctem
304 1702 401 1735 illam
419 1703 467 1735 sic
483 1706 605 1735 maesta.
622 1713 725 1746 super
741 1702 921 1736 morientis
937 1702 1088 1736 alumnae

139 1747 337 1791 Frigidulos
355 1747 472 1781 cubito
489 1748 638 1781 subnixa
655 1747 822 1792 pependit
839 1747 972 1782 ocellos.
