1320 1932
378 97 594 132 AENEIDOS
619 98 706 132 LIB.
731 97 814 132 XII.
1092 98 1159 130 347

41 166 88 200 Et
104 178 169 210 me,
187 166 312 210 Turne,
329 170 494 200 manent:
521 165 624 199 simul
641 166 715 199 haec
731 166 845 199 invisa
860 163 1058 208 relinquam

41 194 202 259 Lumina,
217 224 281 245 nec
297 224 465 256 generum
480 212 618 245 AEnean
635 211 775 256 captiva
791 211 924 245 videbo.
925 210 941 222 '¹

41 258 188 303 Accepit
204 269 324 292 vocem
340 258 492 291 lacrimis
508 257 655 292 Lavinia
670 257 792 291 matris

42 304 247 348 Flagrantes
263 304 403 348 perfusa
419 315 548 347 genas.
573 304 631 337 cui
647 302 845 347 plurimus
836 313 954 346 ignem

41 349 198 394 subjecit
213 350 327 392 rubor,
345 354 381 382 et
397 349 567 382 calefacta
582 361 643 393 per
660 360 719 382 ora
737 348 900 382 cucurrit.

42 396 172 429 Indum
189 396 379 438 sanguineo
396 395 506 429 veluti
524 395 708 428 violaverit
725 399 816 428 ostro

42 441 79 475 Si
96 441 173 485 quis
190 441 285 484 ebur,
302 445 366 474 aut
381 441 495 474 mixta
511 441 639 474 rubent
655 440 717 473 ubi
732 440 808 473 lilia
824 439 939 473 multa

42 487 132 521 Alba
147 498 224 520 rosa
241 499 248 521 :
273 486 354 520 talis
371 487 468 530 virgo
486 487 592 520 dabat
609 498 665 520 ore
683 487 818 520 colores.

43 532 151 566 Illum
166 532 287 566 turbat
304 544 408 575 amor,
425 533 572 576 figitque
589 533 627 565 in
643 533 778 575 virgine
795 531 915 565 vultus
932 542 939 564 :
1119 530 1162 564 70

41 578 152 612 Ardet
169 579 207 612 in
224 590 320 612 arma
336 578 458 622 magis,
475 579 666 622 paucisque
683 578 812 611 affatur
828 578 1014 610 Amatam:

47 627 65 642 “
79 625 110 657 Ν
113 637 141 668 e,
158 635 285 668 quaeso,
303 636 348 657 ne
365 636 420 658 me
437 625 597 667 lacrimis,
613 636 700 658 neve
719 624 832 656 omine
850 629 948 655 tanto

44 668 254 713 Prosequere
270 669 307 701 in
325 669 405 702 duri
422 669 613 702 certamina
630 669 757 702 Martis
775 674 926 711 euntem,

44 715 72 748 O
90 719 201 748 mater
215 726 222 748 ι
246 726 360 758 neque
377 715 471 747 enim
488 715 603 748 Turno
620 726 716 748 mora
733 715 842 748 libera
858 714 990 747 mortis.

43 760 202 794 Nuncius
219 760 294 793 haec
312 761 437 793 Idmon
455 760 609 804 Phrygio
625 772 704 793 mea
721 760 815 794 dicta
831 764 981 804 tyranno

43 806 151 839 Haud
168 806 343 850 placitura
358 806 449 839 refer
464 817 470 839 :
498 806 614 847 Quum
631 806 784 850 primum
801 805 953 839 crastina
971 804 1055 838 coelo

43 851 207 884 Puniceis
224 851 364 885 invecta.
380 852 466 885 rotis
485 851 617 885 Aurora
633 850 796 894 rubescit,

42 897 122 930 Non
140 897 287 930 Teucros
304 901 387 941 agat
404 898 442 930 in
459 897 609 930 Rutulos
623 910 630 931 .’
656 897 829 930 Teucrum
846 908 942 930 arma
960 897 1141 940 quiescant

43 943 90 976 Et
108 943 302 977 Rutulum:
328 948 444 976 nostro
462 943 666 976 dirimamus
684 943 853 986 sanguine
870 942 1001 976 bellum
1018 955 1024 976 :

44 989 110 1022 Illo
127 993 305 1033 quaeratur
321 991 450 1033 conjux
467 989 613 1022 Lavinia
631 988 782 1033 camp0.''
1120 990 1163 1021 80

90 1035 176 1068 Haec
193 1033 253 1067 ubi
271 1035 366 1068 dicta
383 1035 490 1077 dedit,
507 1035 718 1079 rapidusque
735 1035 772 1068 in
789 1038 883 1068 tecta
899 1034 1050 1077 recessit,

43 1080 160 1113 Poscit
177 1091 289 1124 equos,
307 1081 506 1125 gaudetque
523 1087 625 1114 tuens
641 1086 723 1114 ante
740 1093 799 1114 01a
814 1081 1009 1123 frementes,

44 1125 208 1159 Pilumno
225 1137 309 1170 quos
326 1127 403 1170 ipsa
420 1126 524 1160 decus
542 1127 638 1160 dedit
656 1126 841 1170 Orithyia;

46 1171 115 1213 Qui
132 1171 279 1205 candore
295 1172 392 1205 nives
409 1173 593 1215 anteirent,
612 1173 768 1205 cursibus
785 1184 896 1206 auras.

45 1217 280 1251 Circumstant
296 1218 432 1262 properi
449 1218 589 1261 aurigae,
605 1218 836 1262 manibusque
853 1218 1028 1251 lacessunt

44 1262 190 1296 Pectora
206 1263 329 1307 plausa
346 1264 449 1307 cavis,
467 1268 502 1296 et
519 1264 607 1297 colla
624 1264 798 1297 comantia
814 1268 969 1308 pectunt.

45 1309 125 1352 Ipse
142 1309 269 1342 dehinc
286 1321 370 1342 auro
388 1309 605 1353 squalentem
622 1310 768 1353 alboque
786 1309 956 1343 orichalco

46 1354 249 1388 Circumdat
265 1354 408 1388 loricam
425 1355 578 1388 humeris
593 1368 602 1396 ;
627 1356 730 1388 simul
748 1360 847 1399 aptat
864 1355 1024 1389 habendo

0 1428 2 1448 i
45 1400 242 1444 Ensemque
260 1400 482 1445 clipeumque
499 1405 534 1434 et
550 1401 664 1434 rubrae
682 1412 811 1434 cornua
829 1401 1001 1444 cristae,—

45 1446 184 1490 Ensem,
203 1457 307 1490 quem
324 1446 449 1480 Dauno
465 1447 664 1491 ignipotens
681 1447 765 1480 deus
782 1447 856 1491 ipse
872 1447 1010 1490 parenti
1118 1448 1163 1480 90

45 1491 202 1535 Fecerat,
219 1496 254 1525 et
272 1491 396 1536 Stygia
413 1493 620 1526 candentem
636 1493 791 1526 tinxerat
809 1493 914 1527 unda.

0 1579 1 1583 Ἰ
45 1537 149 1581 Exin,
168 1549 244 1582 quae
261 1538 384 1571 mediis
401 1538 537 1581 ingenti
554 1539 685 1572 adnixa
701 1539 871 1572 columnae

45 1583 193 1617 AEdibus
210 1583 382 1628 adstabat,
400 1584 552 1618 validam
569 1584 605 1618 vi
621 1585 763 1629 corripit
779 1584 927 1627 hastam,

45 1629 182 1662 Actoris
200 1629 357 1663 Aurunci
373 1611 548 1674 'spolium3
573 1634 780 1674 quassatque
797 1611 1013 1671 trementem,

49 1675 270 1708 Vociferans:
296 1675 446 1717 “Ν11110,
464 1687 483 1708 0
500 1686 681 1718 nunquam
698 1675 866 1708 frustrata
883 1682 1025 1708 vocatus

48 1720 161 1753 Hasta
176 1732 280 1763 meos,
296 1731 391 1754 nunc
407 1724 545 1764 tempus
563 1721 685 1762 adest3
709 1724 745 1754 te
761 1720 936 1754 maximus
953 1721 1071 1765 Actor,

48 1767 96 1800 Te
112 1766 220 1799 Turni
237 1778 331 1800 nunc
348 1766 472 1801 dextra
487 1766 586 1810 gerit.
633 1766 689 1800 Da
706 1770 856 1802 sternere
874 1778 1007 1811 corpus,
