1345 1927
111 85 179 118 210
417 84 455 118 Ρ.
481 83 688 118 VIRGILII
714 84 930 118 MARONIS

110 147 193 180 Dux
211 146 434 192 Anehisiada,
451 159 515 182 nec
532 160 587 182 me
605 148 689 182 deus
707 160 843 193 aequore
859 148 988 182 mersit.

109 192 270 236 Namque
286 193 536 236 gubernaclum
552 194 666 228 multa
682 195 717 227 vi
734 195 823 227 sorte
839 193 1028 235 revulsum,

110 237 174 271 Cui
191 238 293 271 datus
311 238 482 272 haerebam
500 243 624 282 custos,
642 250 831 283 cursusque
848 239 1019 282 regebam,
1159 240 1228 272 350

110 282 337 327 Praecipitans
354 285 447 318 traxi
462 296 609 318 mecum.
658 284 772 318 Maria
788 296 910 328 aspera
922 285 1014 328 juro,

109 328 142 361 N
144 340 188 361 on
205 328 318 362 ullum
335 341 396 373 pro
413 341 468 362 me
486 335 627 363 tantum
644 331 774 374 cepisse
791 331 961 373 timorem,

109 373 222 414 Quam
240 379 302 407 tua
319 386 371 417 ne,
389 375 537 419 spoliata
554 376 669 418 armis,
686 386 831 409 excussa
847 375 1023 419 magistro,

107 418 279 453 Deficeret
296 421 404 453 tantis
422 421 521 454 navis
539 420 761 464 surgentibus
777 421 890 454 undis

107 463 188 497 Tres
205 469 308 498 notus
326 465 487 499 hibernas
503 466 672 499 immensa
690 478 750 511 per
768 477 907 510 aequora
922 469 1041 500 noctes

108 509 215 543 Vexit
231 521 286 543 me
303 510 476 544 violentus
493 523 585 555 aqua
598 524 606 552 ;
632 512 693 545 vix
710 512 843 545 lumine
860 516 984 556 quarto

107 553 274 598 Prospexi
292 555 434 589 Italiam
451 567 586 590 summa
603 556 760 590 sublimis
777 556 822 591 ab
837 557 942 591 unda.

106 599 285 633 Paulatim
300 600 475 635 adnabam
492 606 592 635 terrae
606 614 613 635 :
634 603 710 645 jam
727 606 806 636 tuta
822 602 983 636 tenebam
997 615 1006 644 ;

105 645 153 679 Ni
169 657 253 689 gens
271 646 420 680 crudelis
436 647 583 692 madida,
594 659 674 680 cum
691 652 786 681 veste
802 651 998 691 gravatum,

105 690 402 735 Prensantemque
418 693 519 726 uncis
534 692 696 726 manibus
713 694 830 738 capita
846 704 967 737 aspera
982 694 1120 738 montis,
1156 695 1224 728 360

106 736 209 770 Ferro
226 737 419 781 invasisset,
437 739 660 783 praedamque
676 739 800 783 ignara
816 743 982 783 putasset.

104 782 139 815 N
140 794 208 816 unc
224 794 280 816 me
296 783 424 817 fluctus
442 783 557 827 habet,
575 790 784 829 versantque
801 785 839 818 in
855 785 956 818 litore
973 785 1079 819 venti.

105 828 206 869 Quod
223 833 258 861 te
275 840 335 872 per
353 829 430 863 coeli
442 830 642 874 jucundum
658 830 778 864 lumen
795 834 830 864 et
846 841 957 871 auras,

103 872 170 907 Per
186 874 378 917 genitorem
395 886 462 917 oro,
480 887 541 919 per
559 887 634 919 spes
651 876 825 920 surgentis
843 876 913 909 Iuli
927 888 934 909 :

104 918 209 963 Eripe
225 931 281 953 me
297 920 361 963 his,
379 920 518 963 invicte,
536 921 638 954 malis
653 933 661 962 ;
685 926 748 955 aut
765 926 807 955 tu
823 921 911 954 mihi
927 925 1056 955 terram

104 964 223 1008 Injice‚
241 976 391 1009 namque
408 970 515 1010 potes,
533 970 721 1011 portusque
738 968 875 1011 require
892 967 1033 1001 Velinos
1048 980 1056 1008 ;

102 1010 176 1044 Aut
193 1014 243 1053 tu,
261 1011 289 1044 si
307 1022 376 1056 qua
393 1012 450 1045 via
467 1016 528 1055 est,
546 1012 575 1046 si
593 1023 699 1056 quam
716 1013 781 1046 tibi
798 1012 880 1046 diva
897 1013 1048 1046 creatrix

103 1056 435 1101 Ostendit,—neque
451 1058 553 1101 enim,
572 1058 682 1101 credo,
700 1059 774 1092 sine
790 1058 935 1092 numine
951 1058 1072 1091 divum

101 1099 265 1135 Flumina
282 1106 383 1136 tanta
399 1114 501 1147 paras
518 1103 746 1147 Stygiamque
762 1104 884 1138 innare
900 1104 1113 1148 paludem—

100 1146 155 1180 Da
172 1147 332 1181 dextram
349 1148 482 1191 misero,
500 1153 535 1182 et
552 1153 670 1182 tecum
685 1161 740 1182 me
756 1149 840 1183 tolle
857 1161 918 1194 per
934 1149 1046 1183 undas
1060 1162 1069 1191 ;
1152 1151 1220 1185 370

103 1189 248 1224 Sedibus
267 1196 306 1226 ut
323 1192 446 1225 saltem
462 1191 608 1236 placidis
624 1193 661 1225 in
678 1197 788 1226 morte
805 1195 1016 1237 quiescam.'’

103 1235 201 1269 Talia
218 1236 312 1271 fatus
329 1241 412 1277 erat,
430 1238 535 1282 coepit
552 1249 660 1281 quum
677 1238 763 1272 talia
779 1243 875 1273 vates
889 1253 897 1272 ε

104 1282 123 1299 ‘⁶
136 1279 237 1316 Unde
253 1283 337 1323 haee,
356 1295 374 1317 o
393 1283 563 1326 Palinure,
581 1282 646 1317 tibi
664 1287 736 1317 tam
755 1285 829 1318 dira
846 1285 972 1328 cupido
987 1285 1000 1318 ’ζ

99 1321 151 1355 Tu
169 1322 308 1367 Stygias
325 1324 532 1360 inhumatus
547 1338 656 1371 aquas
672 1338 880 1372 amnemque
896 1341 1053 1363 severum

97 1367 332 1403 Eumenidum
349 1371 504 1415 aspicies,
520 1372 676 1417 ripamve
691 1373 844 1418 injussus
861 1375 998 1410 adibis?

96 1413 224 1448 Desine
241 1416 316 1449 fata
333 1416 437 1450 deum
452 1417 545 1451 flecti
563 1430 699 1463 sperare
715 1421 896 1464 precando.

96 1458 164 1493 Sed
180 1471 265 1504 cape
281 1460 376 1496 dicta
391 1474 530 1507 memor,
548 1464 627 1498 duri
644 1465 767 1499 solatia
784 1477 892 1500 casus.

96 1505 187 1538 Nam
203 1510 266 1540 tua
282 1507 433 1551 finitimi,
450 1509 553 1553 longe
570 1510 709 1556 lateque
724 1523 785 1556 per
801 1512 903 1546 urbes

95 1550 268 1595 Prodigiis
284 1553 354 1586 acti
370 1554 576 1599 coelestibus,
595 1567 670 1590 ossa
688 1558 846 1602 piabunt,

93 1596 140 1630 Et
157 1601 313 1632 statuent
330 1600 517 1643 tumulum,
535 1606 570 1635 et
587 1603 724 1637 tumulo
741 1603 907 1638 solemnia
921 1604 1066 1640 mittent
1080 1618 1089 1647 ;
1143 1609 1212 1641 380

93 1642 348 1689 AEternumque
364 1645 459 1679 locus
476 1646 635 1681 Palinuri
652 1660 777 1683 nomen
793 1649 964 1685 habebit.'’

92 1686 159 1721 His
179 1688 281 1723 dietis
298 1701 390 1724 curae
407 1696 539 1736 emotae,
557 1693 746 1739 pulsusque
763 1706 949 1740 parumper

92 1732 199 1767 Corde
216 1735 312 1769 dolor
329 1737 422 1771 tristi
435 1750 445 1779 3
469 1738 601 1782 gaudet
617 1741 820 1784 cognomine
837 1745 937 1776 terra.
