1345 1927
131 78 200 110 334
438 74 475 108 Ρ.
494 73 697 108 VIRGILII
723 73 936 107 MARONIS

128 142 210 175 Huc
222 141 363 185 juvenis
380 144 464 174 nota
479 140 590 173 fertur
607 140 745 183 regione
763 140 909 181 viarum,
1178 138 1246 171 530

127 188 356 231 Arripuitque
373 186 498 227 locum,
516 190 551 219 et
568 185 663 218 silvis
681 185 809 218 insedit
827 185 964 228 iniquis.

177 233 339 266 Velocem
356 232 489 265 interea
506 231 638 275 superis
655 231 690 264 in
710 231 847 263 sedibus
865 231 977 274 Opim,

128 278 243 311 Unam
261 289 304 311 ex
321 277 514 321 virginibus
532 277 631 310 sociis
649 288 814 320 sacraque
831 283 980 319 caterva,

128 324 210 357 Com
238 323 376 365 ellabat,
395 328 430 356 et
447 323 508 356 has
526 323 641 355 tristes
660 322 805 355 Latonia
824 333 922 355 voces

127 367 194 400 Ore
235 367 336 401 abat:
365 369 386 384 “
398 367 565 401 Graditur
583 367 712 401 bellum
730 368 773 399 ad
791 367 929 400 crudele
947 365 1107 408 Camilla,

127 412 155 446 Ο
174 413 280 456 virgo,
299 418 334 446 et
350 414 476 447 nostris
492 413 726 457 nequidquam
745 413 898 455 cingitur
914 413 1030 454 armis,

128 458 214 491 Cara
231 458 315 491 mihi
335 464 415 491 ante
433 458 549 491 alias.”
599 458 717 500 Neque
734 459 824 491 enim
845 469 954 490 novus
974 458 1040 490 iste
1055 457 1180 490 Dianae

128 502 235 535 Venit
252 513 356 544 amor,
377 501 560 544 subitaque
577 501 730 533 animum
749 500 934 534 dulcedine
950 501 1068 534 movit.

128 547 255 580 Pulsus
273 547 315 580 ob
332 547 501 579 invidiam
518 557 624 589 regno
642 546 800 589 viresque
817 546 980 590 superbas

127 593 293 625 Priverno
311 593 458 635 antiqua
475 591 636 624 Metabus
653 602 762 635 quum
780 592 962 624 excederet
979 591 1074 634 urbe,
1179 591 1248 624 540

129 639 306 671 Infantem
323 638 460 681 fugiens
478 637 592 670 media
608 637 700 669 inter
717 637 837 680 proelia
855 637 936 669 belli

127 683 280 717 Sustulit
297 684 418 716 exsilio
436 683 606 725 comitem,
623 683 814 726 matrisque
831 682 968 715 vocavit

128 729 277 762 Nomine
295 729 474 770 Casmillae,
492 733 630 761 mutata
647 734 756 772 parte,
775 728 965 761 Camillam.

128 775 218 819 Ipse,
237 775 315 807 sinu
332 785 402 818 prae
422 785 458 807 se
475 780 625 818 portans,
638 775 727 817 juga
744 774 848 816 longa
865 773 1006 817 petebat

128 820 286 853 Solorum
303 831 483 853 nemorum
498 832 506 860 ;
531 819 602 853 tela
618 820 773 862 undique
791 830 882 852 saeva
898 819 1111 863 premebant,

128 866 174 899 Et
193 866 401 899 circumfuso
419 865 613 898 volitabant
630 865 742 897 milite
760 864 884 898 Volsci.

128 911 228 954 Ecce,
246 912 338 955 fugae
356 911 468 944 medio
487 911 629 943 summis
647 911 842 943 Amasenus
860 910 1041 943 abundans

129 957 322 1001 Spumabat
338 957 423 1000 ripis
439 969 446 996 3
472 960 590 989 tantus
609 968 643 989 se
660 956 811 989 nubibus
829 955 938 988 imber

131 1003 295 1046 Ruperat.
346 1002 419 1043 Ille,
437 1002 558 1035 innare
576 1013 710 1045 parans,
728 1002 874 1034 infantis
891 1013 1006 1035 amore

128 1048 309 1089 Tardatur‚
329 1059 474 1091 caroque
492 1048 587 1080 oneri
605 1047 714 1080 timet.
765 1047 890 1080 Omnia
907 1058 1026 1080 secum
1180 1048 1248 1079 550

133 1094 293 1127 Versanti
311 1093 425 1126 subito
443 1094 502 1126 vix
521 1093 594 1126 haec
612 1093 785 1126 sententia
803 1092 912 1125 sedit:

129 1140 251 1172 Telum
269 1140 429 1181 immane,
447 1150 554 1171 manu
573 1139 688 1172 valida
705 1138 796 1181 quod
813 1138 901 1171 forte
917 1137 1059 1181 gerebat

133 1185 293 1226 BeHator,
313 1185 460 1217 solidum
477 1184 576 1217 nodis
594 1190 628 1217 et
645 1184 764 1217 robore
781 1189 876 1217 cocto
891 1196 899 1224 ;

133 1231 225 1263 Huic
242 1237 372 1272 natam,
389 1229 475 1263 libro
493 1235 527 1262 et
545 1230 694 1262 silvestri
712 1229 832 1262 subere
849 1229 1011 1271 clausam,

131 1276 304 1319 Implicat‚
323 1281 428 1319 atque
445 1275 596 1308 habilem
612 1275 734 1308 mediae
752 1275 972 1318 circumligat
989 1274 1107 1318 hastae,

131 1322 243 1362 Quam
261 1321 386 1354 dextra
401 1321 537 1363 ingenti
554 1320 683 1353 librans
699 1321 750 1353 ita
767 1321 810 1353 ad
828 1320 956 1353 aethera
972 1320 1087 1354 fatur:

135 1368 153 1383 ‘2
169 1363 278 1403 Alma,
296 1363 360 1396 tibi
378 1363 478 1406 hanc,
495 1375 675 1397 nemorum
694 1363 834 1400 cultrix,
853 1364 998 1398 Latonia
1014 1365 1121 1407 virgo,

133 1405 212 1449 Ipse
229 1410 328 1449 pater
343 1406 514 1439 famulam
530 1417 636 1440 voveo
651 1419 659 1448 ;
684 1411 747 1440 tua
764 1407 876 1451 prima
892 1419 953 1452 per
969 1419 1071 1441 auras

131 1450 215 1484 Tela
232 1456 354 1484 tenens
371 1451 522 1495 supplex
536 1451 669 1485 hostem
686 1452 788 1496 fugit.
838 1453 975 1498 Accipe,
991 1458 1109 1498 testor,

134 1496 223 1529 Diva
241 1502 348 1539 tuam,
367 1508 442 1540 quae
459 1508 553 1530 nunc
570 1497 685 1530 dubiis
703 1499 934 1532 committitur
949 1499 1073 1534 auris.”
1181 1501 1249 1534 560

134 1541 244 1583 Dixit,
262 1546 297 1575 et
313 1543 465 1576 adducto
483 1547 679 1576 contortum
697 1543 821 1577 hastile
838 1544 967 1578 lacerto

134 1587 301 1621 Immittit
317 1600 323 1621 :
350 1600 493 1621 sonuere
510 1588 613 1621 undae
629 1601 636 1628 ;
661 1589 822 1633 rapidum
840 1601 942 1634 super
958 1601 1095 1624 amnem

133 1632 263 1665 Infelix
280 1633 375 1677 fugit
391 1634 428 1666 in
441 1634 559 1677 jaculo
577 1635 743 1668 stridente
761 1635 915 1669 Camilla.

133 1678 181 1711 At
199 1678 368 1719 Metabus,
386 1691 514 1723 magna
531 1681 671 1724 propius
683 1682 758 1724 jam
774 1686 922 1724 urgente
938 1685 1085 1725 caterva,

133 1723 204 1757 Dat
221 1735 291 1758 sese
308 1725 423 1769 fluvio,
441 1731 546 1771 atque
562 1725 699 1759 hastam
716 1738 792 1760 cum
812 1727 946 1772 virgine
962 1727 1072 1762 victor
