1345 1927
112 88 156 119 38
422 82 458 116 Ρ.
477 82 682 116 VIRGILII
707 82 877 117 MARON
880 83 922 118 IS

112 150 146 183 N
147 162 215 184 unc
233 150 327 193 alios,
345 150 440 193 alios,
458 150 542 183 dum
559 150 681 184 nubila
697 154 822 184 ventus
839 151 975 195 agebat,

113 196 332 240 Concipiunt.
364 196 458 228 Hinc
476 196 534 229 ille
552 196 671 229 avium
688 201 876 230 concentus
892 197 930 230 in
947 197 1049 241 agris,

113 241 159 275 Et
177 242 264 275 laetae
282 241 440 286 pecudes,
459 245 494 274 et
511 245 653 274 ovantes
670 246 814 284 gutture
831 243 933 276 corvi.

159 287 196 321 Si
212 299 292 320 vero
310 287 416 320 solem
433 287 478 320 ad
494 287 657 331 rapidum
674 288 844 331 lunasque
857 291 1038 331 sequentes

113 333 241 366 Ordine
258 333 429 377 respicies,
448 344 628 377 nunquam
646 336 680 366 te
698 334 849 366 crastina
866 333 966 367 fallet

112 379 219 423 Hora,
237 390 349 423 neque
365 379 500 412 insidiis
517 379 628 412 noctis
646 379 781 423 capiere
799 389 934 413 serenae.

111 424 220 467 Luna,
238 429 450 458 revertentes
468 436 576 468 quum
593 424 746 468 primum
763 424 899 468 colh'git
915 425 1023 469 ignes,

112 470 149 504 Si
165 471 306 514 nigrum
323 470 467 504 obscuro
485 470 739 514 comprenderit
756 471 839 503 ae'ra
855 482 972 514 cornu,

111 516 289 549 Maximus
307 516 467 560 agricolis
485 516 676 560 pelagoque
693 515 874 560 parabitur
890 516 1010 550 imber.

111 562 160 595 At
177 562 206 595 si
223 562 420 605 virgineum
438 562 621 594 suffuderit
638 573 694 594 ore
710 562 880 605 ruborem,
1166 563 1235 595 430

112 607 247 641 Ventus
265 608 331 641 erit
345 620 353 648 ;
379 612 483 641 vento
501 619 634 651 semper
648 607 752 640 rubet
768 619 873 641 aurea
889 607 1027 642 Phoebe.

112 653 174 687 Sin
192 657 271 687 ortu
287 657 420 697 quarto,
438 665 590 697 namque
606 653 635 686 is
653 653 865 686 certissimus
881 658 1012 697 auctor,

113 699 216 743 Pura,
234 711 347 743 neque
360 699 492 732 obtusis
509 710 570 743 per
587 699 714 732 coelum
731 698 891 732 cornibus
909 699 990 734 ibit:

112 745 219 778 Totus
237 749 272 778 et
289 745 348 778 ille
365 745 448 788 dies,
467 750 501 778 et
521 745 579 788 qui
596 749 783 778 nascentur
800 744 844 777 ab
860 745 920 778 illo

111 791 288 824 Exactum
304 791 348 824 ad
365 802 528 834 mensem,
547 791 668 835 pluvia
685 791 866 834 ventisque
883 790 1051 824 carebunt
1064 801 1075 832 3

114 837 274 881 Votaque
291 837 420 870 servati
438 837 572 870 solvent
590 837 627 869 in
643 836 744 869 litore
761 840 878 869 nautae

114 883 244 916 Glauco
262 887 297 916 et
314 883 483 926 Panopeae
500 886 536 916 et
555 882 640 915 Inoo
658 882 855 916 Melicertae.

113 928 170 962 Sol
188 940 323 973 quoque
341 934 376 962 et
394 928 560 971 exoriens,
579 933 613 961 et
631 940 739 972 quum
757 939 791 961 se
809 928 927 961 condit
943 928 981 961 in
997 928 1119 970 undas,

114 974 222 1018 Signa
239 975 338 1008 dabit
352 987 361 1016 ;
387 974 493 1007 solem
511 974 703 1007 certissima
720 974 819 1017 signa
837 978 1039 1018 sequuntur,

112 1020 159 1054 Et
177 1032 255 1064 quae
271 1032 374 1054 mane
391 1021 507 1063 refert,
525 1024 560 1053 et
579 1031 654 1064 quae
672 1019 895 1063 surgentibus
912 1020 1024 1053 astris.
1165 1021 1235 1052 440

114 1066 178 1100 Ille
195 1067 257 1100 ubi
274 1070 474 1100 nascentem
490 1066 638 1099 maculis
655 1066 842 1099 variaverit
859 1069 975 1098 ortum

114 1112 282 1146 Conditus
299 1113 336 1145 in
352 1112 491 1155 nubem,
509 1112 690 1156 medioque
707 1111 877 1154 refugerit
893 1111 994 1144 orbe:

113 1158 274 1202 Suspecti
291 1158 357 1191 tibi
374 1158 444 1191 sint
462 1158 587 1191 imbres
606 1170 613 1198 ;
638 1169 790 1201 namque
807 1161 910 1200 urget
927 1157 970 1190 ab
987 1156 1059 1190 alto

112 1204 372 1248 Arboribusque
390 1204 541 1247 satisque
557 1207 661 1236 notus
678 1203 862 1247 pecorique
880 1203 1028 1237 sinister.

114 1250 187 1283 Aut
204 1250 265 1283 ubi
283 1250 346 1282 sub
363 1250 477 1282 lucem
495 1250 601 1282 densa
618 1249 711 1282 inter
727 1249 849 1282 nubila
866 1260 937 1282 sese

115 1295 253 1329 Diversi
269 1300 434 1340 rumpent
450 1295 550 1338 radii,
568 1299 631 1328 aut
646 1295 708 1328 ubi
725 1295 858 1339 pallida
875 1298 997 1339 surget

114 1341 257 1375 Tithoni
275 1353 433 1375 croceum
449 1342 611 1385 linquens
628 1341 764 1374 Aurora
780 1340 893 1374 cubile
907 1353 916 1382 3

115 1387 206 1431 Heu,
223 1387 315 1420 male
332 1391 409 1420 tum
425 1388 528 1420 mites
546 1387 709 1420 defendet
726 1387 913 1431 pampinus
929 1397 1038 1420 uvas:

65 1445 70 1449 ⁴
115 1433 201 1467 Tam
218 1434 358 1467 multa
349 1445 386 1466 in
404 1433 504 1466 tectis
523 1433 696 1486 crepitans
715 1433 795 1466 salit
812 1433 951 1466 horrida.
967 1444 1055 1476 gran
1030 1431 1110 1466 ndo.

116 1479 192 1512 Hoc
210 1480 325 1522 etiam,
344 1491 480 1512 emenso
498 1491 606 1523 quum
618 1480 694 1523 jam
711 1478 854 1511 decedet
872 1478 1028 1522 Olympo,
1169 1480 1239 1512 450

116 1525 291 1558 Profuerit
307 1525 504 1558 meminisse
521 1525 654 1568 magis:
679 1536 762 1557 nam
779 1536 868 1568 saepe
884 1524 1042 1558 videmus

118 1571 259 1615 Ipsius
250 1583 288 1604 m
304 1571 408 1604 vultu
425 1571 537 1604 varios
555 1582 668 1604 errare
686 1571 836 1611 colores;

118 1617 292 1650 Caeruleus
309 1617 466 1661 pluviam
483 1616 706 1659 denuntiat,'
697 1627 821 1660 lgneus
838 1627 946 1650 euros.

118 1661 179 1696 Sin
196 1663 341 1696 maculae
359 1663 531 1707 incipient
547 1663 653 1695 rutilo
671 1662 896 1695 immiscerier
912 1661 997 1705 igni,

119 1708 243 1742 Omnia
261 1714 346 1742 tunc
363 1709 493 1753 pariter
510 1713 614 1742 vento
631 1708 827 1751 nimbisque
844 1707 977 1741 videbis

120 1753 264 1788 Fervere
278 1767 285 1788 :
310 1766 380 1788 non
396 1755 458 1788 illa
476 1755 660 1798 quisquam
675 1765 732 1787 me
747 1757 848 1787 nocte
864 1764 927 1798 per
943 1753 1055 1786 altum
1343 1741 1345 1783 i
