1345 1927
93 49 139 83 76
405 46 442 81 P.
462 47 665 81 VIRGILII
692 46 907 81 MARONIS

93 113 222 147 Aridus
236 126 244 155 ;
269 113 408 148 elucent
425 114 513 157 aliae,
531 118 566 148 et
582 114 716 158 fulgore
733 118 915 148 coruscant

93 159 265 193 Ardentes
282 171 365 193 auro
383 164 418 194 et
434 159 575 204 paribus
592 161 656 194 lita
673 172 814 205 corpora
830 161 951 204 guttis.

94 205 181 238 Haec
198 207 310 250 potior
327 206 461 240 suboles
476 220 484 248 ;
509 206 591 239 hinc
608 207 685 240 coeli
702 210 855 251 tempore
872 210 964 240 certo
1151 207 1218 240 100

94 250 221 285 Dulcia
237 252 342 285 mella
361 264 494 297 premes
508 265 517 293 ;
541 264 605 286 nec
622 256 762 286 tantum
779 253 905 295 dulcia,
923 254 1095 296 quantum

94 296 142 330 Et
158 297 302 341 liquida,
320 302 355 331 et
372 298 500 332 durum
517 299 645 332 Bacchi
662 299 838 332 domitura
854 309 1017 343 saporem.

141 343 190 376 At
207 355 316 387 quum
333 344 465 378 incerta
482 345 610 387 volant,
629 345 781 388 coeloque
798 346 960 378 examina
975 344 1115 387 ludunt,

97 389 402 434 Contemnuntque
418 391 524 434 favos,
542 395 577 424 et
593 391 721 433 frigida
738 395 831 425 tecta
847 391 1062 435 relinquunt,

97 435 282 469 Instabiles
300 438 431 470 animos
448 437 531 470 ludo
548 436 744 481 prohibebis
760 437 858 470 inani
875 449 881 471 :

96 480 170 515 Nec
187 493 334 526 magnus
352 482 530 527 prohibere
546 482 651 516 labor.
700 483 753 516 Tu
769 483 907 526 regibus
924 483 998 517 alas

96 527 222 572 Eripe:
248 539 318 561 non
335 529 403 562 illis
421 529 603 573 quisquam
621 529 867 563 cunctantibus
885 529 998 563 altum

98 573 154 607 Ire
171 574 247 617 iter,
264 578 327 608 aut
344 575 465 608 castris
482 574 624 608 audebit
641 575 767 608 vellere
784 575 891 618 signa.

98 619 257 654 Invitent
274 621 399 654 croceis
417 621 575 654 halantes
592 620 733 654 floribus
750 621 852 664 horti,

97 665 144 699 Et
162 669 276 699 custos
292 667 411 700 furum
428 671 534 710 atque
552 666 670 708 avium
687 678 767 700 cum
783 667 872 700 falce
891 666 1026 711 saligna
1157 668 1222 700 110

98 711 373 756 Hellespontiaci
391 718 502 747 servet
520 713 632 746 tutela
650 713 776 757 Priapi.

99 757 178 801 Ipse
196 758 358 802 thymum
375 760 543 803 pinosque
559 760 672 792 ferens
690 759 731 792 de
747 758 924 793 montibus
941 758 1022 793 altis

98 803 205 837 Tecta
223 809 312 838 serat
330 805 400 838 late
417 805 558 848 circum,
576 805 633 838 cui
649 805 736 839 talia
753 816 845 838 curae
860 818 869 846 3

99 848 179 892 Ipse
196 849 310 884 labore
326 862 470 884 manum
487 851 573 884 duro
590 855 682 885 terat
696 864 703 891 3
728 852 801 895 ipse
818 852 947 884 feraces

99 894 204 939 Figat
221 896 327 930 humo
345 897 492 941 plantas,
511 901 545 930 et
563 898 689 931 amicos
707 898 827 941 irriget
844 897 977 931 imbres.

146 942 264 986 Atque
281 943 452 986 equidem,
470 948 624 977 extremo
642 944 679 976 ni
691 944 766 987 jam
784 943 846 976 sub
863 942 932 976 fine
949 942 1106 976 laborum

100 987 188 1022 Vela
204 988 352 1032 traham,
370 994 405 1023 et
422 989 521 1023 terris
538 990 700 1023 festinem
716 989 895 1023 advertere
913 1000 1059 1033 proram,

100 1033 260 1068 Forsitan
278 1038 322 1078 et,
339 1035 486 1079 pingues
504 1035 619 1069 hortos
638 1046 714 1079 quae
733 1046 816 1068 cura
833 1035 967 1068 colendi

101 1080 258 1123 Ornaret,
276 1092 443 1124 canerem,
460 1081 629 1125 biferique
646 1081 774 1115 rosaria
791 1081 898 1114 Paesti
912 1094 920 1122 3

102 1126 246 1169 Quoque
262 1127 364 1160 modo
381 1128 471 1172 potis
488 1128 681 1171 gauderent
698 1127 822 1160 intuba
838 1127 930 1170 rivis,
1159 1127 1226 1160 120

100 1171 148 1205 Et
164 1173 291 1206 virides
308 1173 387 1217 apio
403 1174 498 1217 ripae,
516 1177 696 1217 tortusque
714 1185 774 1217 per
790 1172 933 1206 herbam

101 1217 275 1252 Cresceret
292 1220 329 1252 in
346 1224 503 1253 ventrem
520 1220 675 1253 cucumis
690 1232 699 1260 3
723 1230 787 1253 nec
805 1230 877 1252 sera
894 1221 1090 1252 comantem

101 1263 312 1309 Narcissum,
330 1269 393 1299 aut
409 1266 492 1299 flexi
508 1266 694 1300 tacuissem
710 1265 826 1299 vimen
843 1264 996 1308 acanthi,

102 1310 348 1356 Pallentesque
364 1312 518 1351 hederas,
536 1315 571 1345 et
588 1315 744 1345 amantes
761 1311 864 1344 litora
880 1315 1020 1354 myrtos.

101 1356 264 1401 Namque
282 1358 345 1391 sub
363 1358 509 1391 OEbaliae
525 1358 670 1391 memini
686 1369 741 1391 me
758 1357 912 1390 turribus
930 1357 1028 1400 arcis,

104 1403 181 1444 Qua
197 1404 297 1448 niger
313 1404 492 1438 humectat
508 1404 675 1438 flaventia
692 1403 788 1437 culta
805 1403 969 1446 Galaesus,

104 1449 287 1493 Corycium
304 1450 430 1484 vidisse
448 1462 573 1493 senem,
591 1450 648 1483 cui
665 1461 777 1493 pauca
793 1449 907 1483 relicti

103 1496 129 1529 J
131 1507 238 1539 ugera
253 1497 343 1530 ruris
361 1500 460 1530 erant
474 1509 482 1538 ;
507 1508 571 1530 nec
587 1496 713 1529 fertilis
729 1495 791 1529 illa
803 1495 972 1538 juvencis,

103 1541 137 1575 N
139 1554 177 1575 ec
194 1543 309 1587 pecori
326 1546 521 1587 opportuna
539 1554 633 1586 seges
650 1553 713 1575 nec
731 1541 910 1575 commoda
927 1540 1073 1574 Baccho.

105 1588 139 1621 H
145 1589 175 1621 ic
192 1600 309 1622 rarum
326 1593 444 1623 tamen
461 1588 498 1622 in
515 1589 629 1622 dumis
647 1588 721 1622 olus
737 1587 885 1631 albaque
902 1587 1032 1620 circum
1163 1588 1229 1621 130

104 1634 195 1668 Lilia
212 1635 448 1678 verbenasque
464 1646 622 1679 premens
639 1645 847 1678 vescumque
863 1644 1023 1678 papaver,

106 1681 243 1725 Regum
259 1681 420 1725 aequabat
437 1693 516 1725 opes
533 1681 659 1714 animis
674 1693 681 1721 ;
707 1691 849 1723 seraque
865 1682 1040 1712 revertens

106 1726 215 1762 Nocte
233 1728 374 1762 domum
391 1727 538 1773 dapibus
554 1738 689 1761 mensas
706 1725 870 1761 onerabat
887 1725 1036 1759 inemtis,
