<?xml version="1.0" encoding="UTF-8"?>
<!DOCTYPE html PUBLIC "-//W3C//DTD XHTML 1.0 Transitional//EN"
    "http://www.w3.org/TR/xhtml1/DTD/xhtml1-transitional.dtd">
<html xmlns="http://www.w3.org/1999/xhtml" xml:lang="en" lang="en">
 <head>
  <title>
</title>
<meta http-equiv="Content-Type" content="text/html;charset=utf-8" />
  <meta name='ocr-system' content='tesseract 3.04.00' />
  <meta name='ocr-capabilities' content='ocr_page ocr_carea ocr_par ocr_line ocrx_word'/>
</head>
<body>
  <div class='ocr_page' id='page_1' title='image "./operaomnia00virguoft/operaomnia00virguoft_0024.png"; bbox 0 0 1345 1927; ppageno 0'>
   <div class='ocr_carea' id='block_1_1' title="bbox 86 46 946 157">
    <p class='ocr_par' dir='ltr' id='par_1_1' title="bbox 86 46 946 157">
     <span class='ocr_line' id='line_1_1' title="bbox 86 46 901 82; baseline 0.004 -3"><span class='ocrx_word' id='word_1_1' title='bbox 86 48 127 79; x_wconf 83' lang='lat'>16</span> <span class='ocrx_word' id='word_1_2' title='bbox 397 46 433 79; x_wconf 87' lang='lat' dir='ltr'>P.</span> <span class='ocrx_word' id='word_1_3' title='bbox 454 46 657 81; x_wconf 64' lang='lat' dir='ltr'>VIRGILII</span> <span class='ocrx_word' id='word_1_4' title='bbox 685 48 901 82; x_wconf 71' lang='lat' dir='ltr'>MARONIS</span> 
     </span>
     <span class='ocr_line' id='line_1_2' title="bbox 346 119 946 157; baseline 0.007 -4"><span class='ocrx_word' id='word_1_5' title='bbox 346 119 529 153; x_wconf 84' lang='lat' dir='ltr'><strong>ECLOGA</strong></span> <span class='ocrx_word' id='word_1_6' title='bbox 548 120 630 154; x_wconf 90' lang='lat' dir='ltr'>VII.</span> <span class='ocrx_word' id='word_1_7' title='bbox 682 121 946 157; x_wconf 77' lang='lat' dir='ltr'>MELIBOEUS.</span> 
     </span>
    </p>
   </div>
   <div class='ocr_carea' id='block_1_2' title="bbox 302 201 995 227">
    <p class='ocr_par' dir='ltr' id='par_1_2' title="bbox 302 201 995 227">
     <span class='ocr_line' id='line_1_3' title="bbox 302 201 995 227; baseline 0.004 -3"><span class='ocrx_word' id='word_1_8' title='bbox 302 201 505 225; x_wconf 76' lang='lat' dir='ltr'>MELIBOEUS.</span> <span class='ocrx_word' id='word_1_9' title='bbox 579 201 755 225; x_wconf 82' lang='lat' dir='ltr'>CORYDON.</span> <span class='ocrx_word' id='word_1_10' title='bbox 828 203 995 227; x_wconf 78' lang='lat' dir='ltr'>THYRSIS.</span> 
     </span>
    </p>
   </div>
   <div class='ocr_carea' id='block_1_3' title="bbox 86 253 1215 1767">
    <p class='ocr_par' dir='ltr' id='par_1_3' title="bbox 86 253 1122 391">
     <span class='ocr_line' id='line_1_4' title="bbox 117 253 1066 306; baseline -0.001 -19"><span class='ocrx_word' id='word_1_11' title='bbox 117 255 211 288; x_wconf 66' lang='lat' dir='ltr'>Man.</span> <span class='ocrx_word' id='word_1_12' title='bbox 239 254 342 288; x_wconf 80' lang='lat' dir='ltr'>Forte</span> <span class='ocrx_word' id='word_1_13' title='bbox 359 253 422 287; x_wconf 88' lang='lat' dir='ltr'>sub</span> <span class='ocrx_word' id='word_1_14' title='bbox 440 257 566 297; x_wconf 81' lang='lat' dir='ltr'>arguta</span> <span class='ocrx_word' id='word_1_15' title='bbox 583 254 785 287; x_wconf 75' lang='lat' dir='ltr'><strong>consederat</strong></span> <span class='ocrx_word' id='word_1_16' title='bbox 802 253 880 287; x_wconf 81' lang='lat' dir='ltr'>ilice</span> <span class='ocrx_word' id='word_1_17' title='bbox 898 254 1066 306; x_wconf 80' lang='lat' dir='ltr'>Daphnis,</span> 
     </span>
     <span class='ocr_line' id='line_1_5' title="bbox 89 299 1122 345; baseline -0.001 -11"><span class='ocrx_word' id='word_1_18' title='bbox 89 300 403 345; x_wconf 66' lang='lat' dir='ltr'>compulerantque</span> <span class='ocrx_word' id='word_1_19' title='bbox 421 311 541 344; x_wconf 84' lang='lat' dir='ltr'>greges</span> <span class='ocrx_word' id='word_1_20' title='bbox 560 299 718 343; x_wconf 82' lang='lat' dir='ltr'>Corydon</span> <span class='ocrx_word' id='word_1_21' title='bbox 735 304 771 332; x_wconf 86' lang='lat' dir='ltr'>et</span> <span class='ocrx_word' id='word_1_22' title='bbox 788 299 955 343; x_wconf 80' lang='lat' dir='ltr'>Thyrsis&#39;</span> <span class='ocrx_word' id='word_1_23' title='bbox 947 311 984 332; x_wconf 82' lang='lat' dir='ltr'>in</span> <span class='ocrx_word' id='word_1_24' title='bbox 1002 311 1122 343; x_wconf 86' lang='lat' dir='ltr'>unum,</span> 
     </span>
     <span class='ocr_line' id='line_1_6' title="bbox 86 345 984 391; baseline -0.002 -11"><span class='ocrx_word' id='word_1_25' title='bbox 86 347 228 391; x_wconf 81' lang='lat' dir='ltr'>Thyrsis</span> <span class='ocrx_word' id='word_1_26' title='bbox 245 357 335 389; x_wconf 84' lang='lat' dir='ltr'>oves,</span> <span class='ocrx_word' id='word_1_27' title='bbox 353 346 511 389; x_wconf 85' lang='lat' dir='ltr'>Corydon</span> <span class='ocrx_word' id='word_1_28' title='bbox 529 345 698 379; x_wconf 83' lang='lat' dir='ltr'>distentas</span> <span class='ocrx_word' id='word_1_29' title='bbox 716 345 806 378; x_wconf 88' lang='lat' dir='ltr'>lacte</span> <span class='ocrx_word' id='word_1_30' title='bbox 824 345 984 390; x_wconf 85' lang='lat' dir='ltr'>capellas,</span> 
     </span>
    </p>

    <p class='ocr_par' dir='ltr' id='par_1_4' title="bbox 89 390 864 443">
     <span class='ocr_line' id='line_1_7' title="bbox 89 390 864 443; baseline -0.003 -18"><span class='ocrx_word' id='word_1_31' title='bbox 89 392 198 426; x_wconf 87' lang='lat' dir='ltr'>Ambo</span> <span class='ocrx_word' id='word_1_32' title='bbox 214 392 376 426; x_wconf 82' lang='lat' dir='ltr'>florentes</span> <span class='ocrx_word' id='word_1_33' title='bbox 393 390 567 434; x_wconf 80' lang='lat' dir='ltr'>aetatibus,</span> <span class='ocrx_word' id='word_1_34' title='bbox 585 391 736 424; x_wconf 79' lang='lat' dir='ltr'>Arcades</span> <span class='ocrx_word' id='word_1_35' title='bbox 753 391 864 443; x_wconf 79' lang='lat' dir='ltr'>ambo,</span> 
     </span>
    </p>

    <p class='ocr_par' dir='ltr' id='par_1_5' title="bbox 86 437 832 482">
     <span class='ocr_line' id='line_1_8' title="bbox 86 437 832 482; baseline -0.004 -10"><span class='ocrx_word' id='word_1_36' title='bbox 86 439 131 472; x_wconf 77' lang='lat' dir='ltr'>Et</span> <span class='ocrx_word' id='word_1_37' title='bbox 150 443 291 472; x_wconf 86' lang='lat' dir='ltr'>cantare</span> <span class='ocrx_word' id='word_1_38' title='bbox 308 449 416 482; x_wconf 88' lang='lat' dir='ltr'>pares,</span> <span class='ocrx_word' id='word_1_39' title='bbox 435 442 470 471; x_wconf 88' lang='lat' dir='ltr'>et</span> <span class='ocrx_word' id='word_1_40' title='bbox 486 437 691 482; x_wconf 86' lang='lat' dir='ltr'>respondere</span> <span class='ocrx_word' id='word_1_41' title='bbox 709 437 832 481; x_wconf 72' lang='lat' dir='ltr'>parati.</span> 
     </span>
    </p>

    <p class='ocr_par' dir='ltr' id='par_1_6' title="bbox 88 483 1046 528">
     <span class='ocr_line' id='line_1_9' title="bbox 88 483 1046 528; baseline -0.001 -11"><span class='ocrx_word' id='word_1_42' title='bbox 88 485 168 518; x_wconf 86' lang='lat' dir='ltr'>Huc</span> <span class='ocrx_word' id='word_1_43' title='bbox 185 485 283 528; x_wconf 90' lang='lat' dir='ltr'>mihi,</span> <span class='ocrx_word' id='word_1_44' title='bbox 301 484 386 517; x_wconf 87' lang='lat' dir='ltr'>dum</span> <span class='ocrx_word' id='word_1_45' title='bbox 403 488 539 517; x_wconf 81' lang='lat' dir='ltr'>teneras</span> <span class='ocrx_word' id='word_1_46' title='bbox 557 483 705 516; x_wconf 86' lang='lat' dir='ltr'>defendo</span> <span class='ocrx_word' id='word_1_47' title='bbox 722 495 743 517; x_wconf 90' lang='lat' dir='ltr'>a</span> <span class='ocrx_word' id='word_1_48' title='bbox 760 483 886 526; x_wconf 84' lang='lat' dir='ltr'>frigore</span> <span class='ocrx_word' id='word_1_49' title='bbox 903 486 1046 527; x_wconf 78' lang='lat' dir='ltr'>myrtos,</span> 
     </span>
    </p>

    <p class='ocr_par' dir='ltr' id='par_1_7' title="bbox 87 529 1140 620">
     <span class='ocr_line' id='line_1_10' title="bbox 89 529 1140 574; baseline 0 -12"><span class='ocrx_word' id='word_1_50' title='bbox 89 530 149 563; x_wconf 89' lang='lat' dir='ltr'>Vir</span> <span class='ocrx_word' id='word_1_51' title='bbox 166 531 281 574; x_wconf 83' lang='lat' dir='ltr'>gregis</span> <span class='ocrx_word' id='word_1_52' title='bbox 300 531 372 574; x_wconf 89' lang='lat' dir='ltr'>ipse</span> <span class='ocrx_word' id='word_1_53' title='bbox 389 541 491 574; x_wconf 88' lang='lat' dir='ltr'>caper</span> <span class='ocrx_word' id='word_1_54' title='bbox 509 529 744 563; x_wconf 84' lang='lat' dir='ltr'>deerravcrat:</span> <span class='ocrx_word' id='word_1_55' title='bbox 771 533 877 573; x_wconf 80' lang='lat' dir='ltr'>atque</span> <span class='ocrx_word' id='word_1_56' title='bbox 894 540 956 573; x_wconf 81' lang='lat' dir='ltr'>ego</span> <span class='ocrx_word' id='word_1_57' title='bbox 974 529 1140 573; x_wconf 83' lang='lat' dir='ltr'>Daphnin</span> 
     </span>
     <span class='ocr_line' id='line_1_11' title="bbox 87 574 1110 620; baseline -0.002 -11"><span class='ocrx_word' id='word_1_58' title='bbox 87 575 238 620; x_wconf 88' lang='lat' dir='ltr'>Aspicio.</span> <span class='ocrx_word' id='word_1_59' title='bbox 289 575 354 608; x_wconf 89' lang='lat' dir='ltr'>Ille</span> <span class='ocrx_word' id='word_1_60' title='bbox 371 574 432 607; x_wconf 92' lang='lat' dir='ltr'>ubi</span> <span class='ocrx_word' id='word_1_61' title='bbox 448 586 504 608; x_wconf 87' lang='lat' dir='ltr'>me</span> <span class='ocrx_word' id='word_1_62' title='bbox 521 578 641 607; x_wconf 86' lang='lat' dir='ltr'>contra</span> <span class='ocrx_word' id='word_1_63' title='bbox 658 575 774 608; x_wconf 87' lang='lat' dir='ltr'>videt:</span> <span class='ocrx_word' id='word_1_64' title='bbox 802 577 819 591; x_wconf 70' lang='lat'>‘⁶</span> <span class='ocrx_word' id='word_1_65' title='bbox 832 575 945 616; x_wconf 85' lang='lat' dir='ltr'>Ocius,</span> <span class='ocrx_word' id='word_1_66' title='bbox 948 574 967 588; x_wconf 90' lang='lat'>”</span> <span class='ocrx_word' id='word_1_67' title='bbox 985 575 1110 618; x_wconf 85' lang='lat' dir='ltr'>inquit,</span> 
     </span>
    </p>

    <p class='ocr_par' dir='ltr' id='par_1_8' title="bbox 87 620 1075 664">
     <span class='ocr_line' id='line_1_12' title="bbox 87 620 1075 664; baseline -0.001 -9.964"><span class='ocrx_word' id='word_1_68' title='bbox 87 622 200 654; x_wconf 86' lang='lat' dir='ltr'>“Huc</span> <span class='ocrx_word' id='word_1_69' title='bbox 219 620 310 662; x_wconf 84' lang='lat' dir='ltr'>ades,</span> <span class='ocrx_word' id='word_1_70' title='bbox 328 631 347 653; x_wconf 92' lang='lat' dir='ltr'>o</span> <span class='ocrx_word' id='word_1_71' title='bbox 366 620 547 654; x_wconf 82' lang='lat' dir='ltr'>Meliboee:</span> <span class='ocrx_word' id='word_1_72' title='bbox 573 631 675 664; x_wconf 85' lang='lat' dir='ltr'>caper</span> <span class='ocrx_word' id='word_1_73' title='bbox 692 620 755 653; x_wconf 80' lang='lat' dir='ltr'>tibi</span> <span class='ocrx_word' id='word_1_74' title='bbox 776 620 891 654; x_wconf 88' lang='lat' dir='ltr'>salvus</span> <span class='ocrx_word' id='word_1_75' title='bbox 909 624 944 653; x_wconf 90' lang='lat' dir='ltr'>et</span> <span class='ocrx_word' id='word_1_76' title='bbox 961 620 1052 654; x_wconf 87' lang='lat' dir='ltr'>haedi</span> <span class='ocrx_word' id='word_1_77' title='bbox 1067 633 1075 661; x_wconf 90' lang='lat'>;</span> 
     </span>
    </p>

    <p class='ocr_par' dir='ltr' id='par_1_9' title="bbox 88 665 1206 755">
     <span class='ocr_line' id='line_1_13' title="bbox 88 665 1206 710; baseline 0 -11"><span class='ocrx_word' id='word_1_78' title='bbox 88 666 115 699; x_wconf 87' lang='lat' dir='ltr'><strong>F</strong></span> <span class='ocrx_word' id='word_1_79' title='bbox 120 670 135 699; x_wconf 89' lang='lat' dir='ltr'>t</span> <span class='ocrx_word' id='word_1_80' title='bbox 153 667 179 700; x_wconf 85' lang='lat' dir='ltr'>si</span> <span class='ocrx_word' id='word_1_81' title='bbox 199 665 284 710; x_wconf 88' lang='lat' dir='ltr'>quid</span> <span class='ocrx_word' id='word_1_82' title='bbox 301 677 432 699; x_wconf 88' lang='lat' dir='ltr'>cessare</span> <span class='ocrx_word' id='word_1_83' title='bbox 449 669 556 709; x_wconf 87' lang='lat' dir='ltr'>potes,</span> <span class='ocrx_word' id='word_1_84' title='bbox 573 666 748 709; x_wconf 85' lang='lat' dir='ltr'>requiesce</span> <span class='ocrx_word' id='word_1_85' title='bbox 765 665 828 699; x_wconf 90' lang='lat' dir='ltr'>sub</span> <span class='ocrx_word' id='word_1_86' title='bbox 846 665 1000 699; x_wconf 51' lang='lat' dir='ltr'>umbrass&#39;</span> <span class='ocrx_word' id='word_1_87' title='bbox 1166 668 1206 699; x_wconf 91' lang='grc'>10</span> 
     </span>
     <span class='ocr_line' id='line_1_14' title="bbox 88 709 927 755; baseline 0 -12"><span class='ocrx_word' id='word_1_88' title='bbox 88 709 195 743; x_wconf 87' lang='lat' dir='ltr'>Huc</span> <span class='ocrx_word' id='word_1_89' title='bbox 187 711 253 754; x_wconf 89' lang='lat' dir='ltr'>1psi</span> <span class='ocrx_word' id='word_1_90' title='bbox 270 714 394 754; x_wconf 90' lang='lat' dir='ltr'>potum</span> <span class='ocrx_word' id='word_1_91' title='bbox 411 710 553 744; x_wconf 89' lang='lat' dir='ltr'>venient</span> <span class='ocrx_word' id='word_1_92' title='bbox 570 721 631 755; x_wconf 87' lang='lat' dir='ltr'>per</span> <span class='ocrx_word' id='word_1_93' title='bbox 647 714 749 754; x_wconf 85' lang='lat' dir='ltr'>prata</span> <span class='ocrx_word' id='word_1_94' title='bbox 760 711 927 754; x_wconf 87' lang='lat' dir='ltr'>juvenci·</span> <span class='ocrx_word' id='word_1_95' title='bbox 918 736 926 752; x_wconf 89' lang='lat'>,</span> 
     </span>
    </p>

    <p class='ocr_par' dir='ltr' id='par_1_10' title="bbox 88 756 917 801">
     <span class='ocr_line' id='line_1_15' title="bbox 88 756 917 801; baseline 0.002 -13"><span class='ocrx_word' id='word_1_96' title='bbox 88 756 157 789; x_wconf 89' lang='lat' dir='ltr'>Hic</span> <span class='ocrx_word' id='word_1_97' title='bbox 174 756 300 790; x_wconf 84' lang='lat' dir='ltr'>virides</span> <span class='ocrx_word' id='word_1_98' title='bbox 319 760 438 789; x_wconf 87' lang='lat' dir='ltr'>tenera</span> <span class='ocrx_word' id='word_1_99' title='bbox 455 757 619 800; x_wconf 84' lang='lat' dir='ltr'>praetexit</span> <span class='ocrx_word' id='word_1_100' title='bbox 635 757 807 790; x_wconf 85' lang='lat' dir='ltr'>arundine</span> <span class='ocrx_word' id='word_1_101' title='bbox 824 757 917 801; x_wconf 84' lang='lat' dir='ltr'>ripas</span> 
     </span>
    </p>

    <p class='ocr_par' dir='ltr' id='par_1_11' title="bbox 89 801 990 846">
     <span class='ocr_line' id='line_1_16' title="bbox 89 801 990 846; baseline 0.001 -11"><span class='ocrx_word' id='word_1_102' title='bbox 89 801 254 845; x_wconf 82' lang='lat' dir='ltr'>Mincius,</span> <span class='ocrx_word' id='word_1_103' title='bbox 273 813 360 846; x_wconf 83' lang='lat' dir='ltr'>eque</span> <span class='ocrx_word' id='word_1_104' title='bbox 378 814 474 835; x_wconf 88' lang='lat' dir='ltr'>sacra</span> <span class='ocrx_word' id='word_1_105' title='bbox 490 806 654 835; x_wconf 85' lang='lat' dir='ltr'>resonant</span> <span class='ocrx_word' id='word_1_106' title='bbox 671 803 834 836; x_wconf 80' lang='lat' dir='ltr'>examina</span> <span class='ocrx_word' id='word_1_107' title='bbox 851 814 990 846; x_wconf 87' lang='lat' dir='ltr'>quercu.</span> 
     </span>
    </p>

    <p class='ocr_par' dir='ltr' id='par_1_12' title="bbox 87 848 1204 938">
     <span class='ocr_line' id='line_1_17' title="bbox 88 848 1204 893; baseline 0.002 -13"><span class='ocrx_word' id='word_1_108' title='bbox 88 848 179 889; x_wconf 82' lang='lat' dir='ltr'>Quid</span> <span class='ocrx_word' id='word_1_109' title='bbox 191 848 363 882; x_wconf 72' lang='lat' dir='ltr'>facerem?</span> <span class='ocrx_word' id='word_1_110' title='bbox 386 860 498 892; x_wconf 90' lang='lat' dir='ltr'>neque</span> <span class='ocrx_word' id='word_1_111' title='bbox 510 859 572 892; x_wconf 79' lang='lat' dir='ltr'>ego</span> <span class='ocrx_word' id='word_1_112' title='bbox 580 848 760 892; x_wconf 81' lang='lat' dir='ltr'>Alcippen,</span> <span class='ocrx_word' id='word_1_113' title='bbox 772 860 836 882; x_wconf 89' lang='lat' dir='ltr'>nec</span> <span class='ocrx_word' id='word_1_114' title='bbox 848 848 1013 892; x_wconf 84' lang='lat' dir='ltr'>Phyllida</span> <span class='ocrx_word' id='word_1_115' title='bbox 1023 848 1204 893; x_wconf 82' lang='lat' dir='ltr'>habebam,</span> 
     </span>
     <span class='ocr_line' id='line_1_18' title="bbox 87 894 951 938; baseline 0.001 -11"><span class='ocrx_word' id='word_1_116' title='bbox 87 894 257 934; x_wconf 78' lang='lat' dir='ltr'>Depulsos</span> <span class='ocrx_word' id='word_1_117' title='bbox 275 906 295 927; x_wconf 89' lang='lat' dir='ltr'>a</span> <span class='ocrx_word' id='word_1_118' title='bbox 313 894 403 927; x_wconf 79' lang='lat' dir='ltr'>lacte</span> <span class='ocrx_word' id='word_1_119' title='bbox 421 894 514 927; x_wconf 87' lang='lat' dir='ltr'>domi</span> <span class='ocrx_word' id='word_1_120' title='bbox 531 906 609 938; x_wconf 84' lang='lat' dir='ltr'>quae</span> <span class='ocrx_word' id='word_1_121' title='bbox 627 894 805 928; x_wconf 73' lang='lat' dir='ltr'>clauderet</span> <span class='ocrx_word' id='word_1_122' title='bbox 822 906 928 938; x_wconf 83' lang='lat' dir='ltr'>agnos</span> <span class='ocrx_word' id='word_1_123' title='bbox 943 907 951 935; x_wconf 92' lang='grc'>;</span> 
     </span>
    </p>

    <p class='ocr_par' dir='ltr' id='par_1_13' title="bbox 87 939 1070 1020">
     <span class='ocr_line' id='line_1_19' title="bbox 87 939 1070 984; baseline 0.002 -11"><span class='ocrx_word' id='word_1_124' title='bbox 87 939 133 973; x_wconf 79' lang='lat' dir='ltr'>Et</span> <span class='ocrx_word' id='word_1_125' title='bbox 150 944 325 973; x_wconf 83' lang='lat' dir='ltr'>certamen</span> <span class='ocrx_word' id='word_1_126' title='bbox 343 943 417 973; x_wconf 80' lang='lat' dir='ltr'>erat</span> <span class='ocrx_word' id='word_1_127' title='bbox 435 940 592 983; x_wconf 78' lang='lat' dir='ltr'>Corydon</span> <span class='ocrx_word' id='word_1_128' title='bbox 609 951 689 973; x_wconf 89' lang='lat' dir='ltr'>cum</span> <span class='ocrx_word' id='word_1_129' title='bbox 707 940 877 984; x_wconf 81' lang='lat' dir='ltr'>Thyrside</span> <span class='ocrx_word' id='word_1_130' title='bbox 893 952 1070 984; x_wconf 85' lang='lat' dir='ltr'>magnum.</span> 
     </span>
     <span class='ocr_line' id='line_1_20' title="bbox 88 986 878 1020; baseline 0.001 -1"><span class='ocrx_word' id='word_1_131' title='bbox 88 986 279 1019; x_wconf 85' lang='lat' dir='ltr'>Posthabui</span> <span class='ocrx_word' id='word_1_132' title='bbox 297 990 415 1019; x_wconf 80' lang='lat' dir='ltr'>tamen</span> <span class='ocrx_word' id='word_1_133' title='bbox 433 986 571 1019; x_wconf 88' lang='lat' dir='ltr'>illorum</span> <span class='ocrx_word' id='word_1_134' title='bbox 588 997 665 1020; x_wconf 87' lang='lat' dir='ltr'>mea</span> <span class='ocrx_word' id='word_1_135' title='bbox 683 987 770 1019; x_wconf 83' lang='lat' dir='ltr'>seria</span> <span class='ocrx_word' id='word_1_136' title='bbox 787 986 878 1020; x_wconf 88' lang='lat' dir='ltr'>ludo.</span> 
     </span>
    </p>

    <p class='ocr_par' dir='ltr' id='par_1_14' title="bbox 95 1031 890 1075">
     <span class='ocr_line' id='line_1_21' title="bbox 95 1031 890 1075; baseline 0.001 -11"><span class='ocrx_word' id='word_1_137' title='bbox 95 1032 250 1065; x_wconf 81' lang='lat' dir='ltr'>Alternis</span> <span class='ocrx_word' id='word_1_138' title='bbox 268 1032 377 1075; x_wconf 84' lang='lat' dir='ltr'>igitur</span> <span class='ocrx_word' id='word_1_139' title='bbox 394 1032 602 1065; x_wconf 77' lang='lat' dir='ltr'>contendere</span> <span class='ocrx_word' id='word_1_140' title='bbox 619 1031 773 1065; x_wconf 83' lang='lat' dir='ltr'>versibus</span> <span class='ocrx_word' id='word_1_141' title='bbox 790 1032 890 1066; x_wconf 86' lang='lat' dir='ltr'>ambo</span> 
     </span>
    </p>

    <p class='ocr_par' dir='ltr' id='par_1_15' title="bbox 89 1078 958 1122">
     <span class='ocr_line' id='line_1_22' title="bbox 89 1078 958 1122; baseline 0.001 -11"><span class='ocrx_word' id='word_1_142' title='bbox 89 1078 247 1122; x_wconf 81' lang='lat' dir='ltr'>Coepere;</span> <span class='ocrx_word' id='word_1_143' title='bbox 273 1078 424 1111; x_wconf 83' lang='lat' dir='ltr'>alternos</span> <span class='ocrx_word' id='word_1_144' title='bbox 442 1078 554 1111; x_wconf 85' lang='lat' dir='ltr'>Musae</span> <span class='ocrx_word' id='word_1_145' title='bbox 570 1078 768 1111; x_wconf 79' lang='lat' dir='ltr'>meminisse</span> <span class='ocrx_word' id='word_1_146' title='bbox 786 1078 958 1112; x_wconf 86' lang='lat' dir='ltr'>volebant.</span> 
     </span>
    </p>

    <p class='ocr_par' dir='ltr' id='par_1_16' title="bbox 88 1123 1215 1168">
     <span class='ocr_line' id='line_1_23' title="bbox 88 1123 1215 1168; baseline -0.001 -11"><span class='ocrx_word' id='word_1_147' title='bbox 88 1123 161 1157; x_wconf 91' lang='lat' dir='ltr'>Hos</span> <span class='ocrx_word' id='word_1_148' title='bbox 181 1124 347 1168; x_wconf 83' lang='lat' dir='ltr'>Corydon,</span> <span class='ocrx_word' id='word_1_149' title='bbox 366 1124 442 1157; x_wconf 92' lang='lat' dir='ltr'>illos</span> <span class='ocrx_word' id='word_1_150' title='bbox 460 1124 631 1157; x_wconf 87' lang='lat' dir='ltr'>referebat</span> <span class='ocrx_word' id='word_1_151' title='bbox 647 1124 684 1157; x_wconf 89' lang='lat' dir='ltr'>in</span> <span class='ocrx_word' id='word_1_152' title='bbox 702 1125 821 1158; x_wconf 86' lang='lat' dir='ltr'>ordine</span> <span class='ocrx_word' id='word_1_153' title='bbox 839 1125 989 1168; x_wconf 82' lang='lat' dir='ltr'>Thyrsis.</span> <span class='ocrx_word' id='word_1_154' title='bbox 1171 1127 1215 1158; x_wconf 82' lang='lat'>20</span> 
     </span>
    </p>

    <p class='ocr_par' dir='ltr' id='par_1_17' title="bbox 89 1170 1214 1306">
     <span class='ocr_line' id='line_1_24' title="bbox 112 1170 1214 1214; baseline 0.001 -11"><span class='ocrx_word' id='word_1_155' title='bbox 112 1170 193 1203; x_wconf 79' lang='lat' dir='ltr'>COR.</span> <span class='ocrx_word' id='word_1_156' title='bbox 212 1170 396 1214; x_wconf 72' lang='lat' dir='ltr'>Nymphae,</span> <span class='ocrx_word' id='word_1_157' title='bbox 408 1175 524 1203; x_wconf 86' lang='lat' dir='ltr'>noster</span> <span class='ocrx_word' id='word_1_158' title='bbox 537 1181 642 1214; x_wconf 79' lang='lat' dir='ltr'>amor,</span> <span class='ocrx_word' id='word_1_159' title='bbox 651 1170 877 1213; x_wconf 79' lang='lat' dir='ltr'>Libethrides,</span> <span class='ocrx_word' id='word_1_160' title='bbox 890 1175 952 1204; x_wconf 80' lang='lat' dir='ltr'>aut</span> <span class='ocrx_word' id='word_1_161' title='bbox 965 1170 1052 1204; x_wconf 87' lang='lat' dir='ltr'>mihi</span> <span class='ocrx_word' id='word_1_162' title='bbox 1066 1182 1214 1212; x_wconf 64' lang='lat' dir='ltr'>carmen,</span> 
     </span>
     <span class='ocr_line' id='line_1_25' title="bbox 89 1216 969 1261; baseline 0.001 -12"><span class='ocrx_word' id='word_1_163' title='bbox 89 1216 198 1257; x_wconf 83' lang='lat' dir='ltr'>Quale</span> <span class='ocrx_word' id='word_1_164' title='bbox 214 1227 290 1249; x_wconf 88' lang='lat' dir='ltr'>meo</span> <span class='ocrx_word' id='word_1_165' title='bbox 309 1217 426 1258; x_wconf 86' lang='lat' dir='ltr'>Codro,</span> <span class='ocrx_word' id='word_1_166' title='bbox 445 1216 622 1250; x_wconf 72' lang='lat' dir='ltr'>concedite</span> <span class='ocrx_word' id='word_1_167' title='bbox 637 1229 645 1257; x_wconf 95' lang='lat'>;</span> <span class='ocrx_word' id='word_1_168' title='bbox 671 1217 829 1261; x_wconf 83' lang='lat' dir='ltr'>proxima</span> <span class='ocrx_word' id='word_1_169' title='bbox 848 1216 969 1250; x_wconf 88' lang='lat' dir='ltr'>Phoebi</span> 
     </span>
     <span class='ocr_line' id='line_1_26' title="bbox 89 1261 1013 1306; baseline 0.002 -12"><span class='ocrx_word' id='word_1_170' title='bbox 89 1261 251 1295; x_wconf 85' lang='lat' dir='ltr'>Versibus</span> <span class='ocrx_word' id='word_1_171' title='bbox 270 1262 328 1296; x_wconf 88' lang='lat' dir='ltr'>ille</span> <span class='ocrx_word' id='word_1_172' title='bbox 345 1263 449 1303; x_wconf 79' lang='lat' dir='ltr'>facit3</span> <span class='ocrx_word' id='word_1_173' title='bbox 475 1267 537 1295; x_wconf 86' lang='lat' dir='ltr'>aut</span> <span class='ocrx_word' id='word_1_174' title='bbox 556 1263 583 1295; x_wconf 89' lang='lat' dir='ltr'>si</span> <span class='ocrx_word' id='word_1_175' title='bbox 601 1274 670 1295; x_wconf 91' lang='lat' dir='ltr'>non</span> <span class='ocrx_word' id='word_1_176' title='bbox 687 1274 868 1306; x_wconf 85' lang='lat' dir='ltr'>possumus</span> <span class='ocrx_word' id='word_1_177' title='bbox 886 1274 1013 1306; x_wconf 86' lang='lat' dir='ltr'>omnes,</span> 
     </span>
    </p>

    <p class='ocr_par' dir='ltr' id='par_1_18' title="bbox 89 1308 844 1353">
     <span class='ocr_line' id='line_1_27' title="bbox 89 1308 844 1353; baseline 0 -12"><span class='ocrx_word' id='word_1_178' title='bbox 89 1308 157 1341; x_wconf 88' lang='lat' dir='ltr'>Hic</span> <span class='ocrx_word' id='word_1_179' title='bbox 175 1312 300 1351; x_wconf 82' lang='lat' dir='ltr'>arguta</span> <span class='ocrx_word' id='word_1_180' title='bbox 318 1320 414 1342; x_wconf 83' lang='lat' dir='ltr'>sacra</span> <span class='ocrx_word' id='word_1_181' title='bbox 431 1308 597 1352; x_wconf 84' lang='lat' dir='ltr'>pendebit</span> <span class='ocrx_word' id='word_1_182' title='bbox 614 1309 732 1341; x_wconf 80' lang='lat' dir='ltr'>fistula</span> <span class='ocrx_word' id='word_1_183' title='bbox 750 1309 844 1353; x_wconf 86' lang='lat' dir='ltr'>pinu.</span> 
     </span>
    </p>

    <p class='ocr_par' dir='ltr' id='par_1_19' title="bbox 88 1354 1084 1537">
     <span class='ocr_line' id='line_1_28' title="bbox 118 1354 1084 1399; baseline 0.001 -12"><span class='ocrx_word' id='word_1_184' title='bbox 118 1354 211 1388; x_wconf 74' lang='lat' dir='ltr'>Tur.</span> <span class='ocrx_word' id='word_1_185' title='bbox 239 1354 406 1398; x_wconf 83' lang='lat' dir='ltr'>Pastores,</span> <span class='ocrx_word' id='word_1_186' title='bbox 424 1355 552 1388; x_wconf 82' lang='lat' dir='ltr'>hedera</span> <span class='ocrx_word' id='word_1_187' title='bbox 569 1359 779 1388; x_wconf 77' lang='lat' dir='ltr'>crescentem</span> <span class='ocrx_word' id='word_1_188' title='bbox 796 1358 916 1388; x_wconf 87' lang='lat' dir='ltr'>ornate</span> <span class='ocrx_word' id='word_1_189' title='bbox 933 1355 1084 1399; x_wconf 68' lang='lat' dir='ltr'>poetam,</span> 
     </span>
     <span class='ocr_line' id='line_1_29' title="bbox 89 1401 914 1445; baseline 0.001 -12"><span class='ocrx_word' id='word_1_190' title='bbox 89 1401 248 1442; x_wconf 87' lang='lat' dir='ltr'>Arcades,</span> <span class='ocrx_word' id='word_1_191' title='bbox 268 1401 400 1434; x_wconf 86' lang='lat' dir='ltr'>invidia</span> <span class='ocrx_word' id='word_1_192' title='bbox 417 1404 628 1445; x_wconf 88' lang='lat' dir='ltr'>rumpantur</span> <span class='ocrx_word' id='word_1_193' title='bbox 644 1405 686 1434; x_wconf 89' lang='lat' dir='ltr'>ut</span> <span class='ocrx_word' id='word_1_194' title='bbox 702 1401 764 1434; x_wconf 86' lang='lat' dir='ltr'>ilia</span> <span class='ocrx_word' id='word_1_195' title='bbox 782 1401 890 1434; x_wconf 89' lang='lat' dir='ltr'>Codro</span> <span class='ocrx_word' id='word_1_196' title='bbox 906 1413 914 1441; x_wconf 84' lang='lat'><em>3</em></span> 
     </span>
     <span class='ocr_line' id='line_1_30' title="bbox 90 1447 1015 1491; baseline 0.001 -12"><span class='ocrx_word' id='word_1_197' title='bbox 90 1447 160 1480; x_wconf 86' lang='lat' dir='ltr'>Aut</span> <span class='ocrx_word' id='word_1_198' title='bbox 179 1447 206 1480; x_wconf 91' lang='lat' dir='ltr'>si</span> <span class='ocrx_word' id='word_1_199' title='bbox 224 1447 319 1480; x_wconf 84' lang='lat' dir='ltr'>ultra</span> <span class='ocrx_word' id='word_1_200' title='bbox 336 1447 507 1491; x_wconf 87' lang='lat' dir='ltr'>placitum</span> <span class='ocrx_word' id='word_1_201' title='bbox 525 1447 686 1489; x_wconf 86' lang='lat' dir='ltr'>laudarit,</span> <span class='ocrx_word' id='word_1_202' title='bbox 705 1447 847 1481; x_wconf 82' lang='lat' dir='ltr'>baccare</span> <span class='ocrx_word' id='word_1_203' title='bbox 863 1448 1015 1481; x_wconf 83' lang='lat' dir='ltr'>frontem</span> 
     </span>
     <span class='ocr_line' id='line_1_31' title="bbox 88 1493 924 1537; baseline 0 -11"><span class='ocrx_word' id='word_1_204' title='bbox 88 1493 235 1537; x_wconf 82' lang='lat' dir='ltr'>Cingite,</span> <span class='ocrx_word' id='word_1_205' title='bbox 253 1505 296 1526; x_wconf 90' lang='lat' dir='ltr'>ne</span> <span class='ocrx_word' id='word_1_206' title='bbox 314 1493 387 1526; x_wconf 87' lang='lat' dir='ltr'>vati</span> <span class='ocrx_word' id='word_1_207' title='bbox 403 1497 527 1526; x_wconf 88' lang='lat' dir='ltr'>noceat</span> <span class='ocrx_word' id='word_1_208' title='bbox 543 1493 637 1526; x_wconf 83' lang='lat' dir='ltr'>mala</span> <span class='ocrx_word' id='word_1_209' title='bbox 656 1493 778 1537; x_wconf 78' lang='lat' dir='ltr'>lingua</span> <span class='ocrx_word' id='word_1_210' title='bbox 794 1494 924 1526; x_wconf 74' lang='lat' dir='ltr'>futuro.</span> 
     </span>
    </p>

    <p class='ocr_par' dir='ltr' id='par_1_20' title="bbox 86 1539 1214 1713">
     <span class='ocr_line' id='line_1_32' title="bbox 119 1539 1016 1583; baseline 0 -11"><span class='ocrx_word' id='word_1_211' title='bbox 119 1539 202 1573; x_wconf 82' lang='lat' dir='ltr'><strong>COR.</strong></span> <span class='ocrx_word' id='word_1_212' title='bbox 228 1539 349 1572; x_wconf 82' lang='lat' dir='ltr'>Saetosi</span> <span class='ocrx_word' id='word_1_213' title='bbox 368 1545 475 1583; x_wconf 87' lang='lat' dir='ltr'>caput</span> <span class='ocrx_word' id='word_1_214' title='bbox 492 1539 557 1572; x_wconf 92' lang='lat' dir='ltr'>hoc</span> <span class='ocrx_word' id='word_1_215' title='bbox 574 1539 650 1583; x_wconf 85' lang='lat' dir='ltr'>apri</span> <span class='ocrx_word' id='word_1_216' title='bbox 668 1539 742 1582; x_wconf 90' lang='lat' dir='ltr'>tibi,</span> <span class='ocrx_word' id='word_1_217' title='bbox 761 1539 871 1582; x_wconf 87' lang='lat' dir='ltr'>Delia,</span> <span class='ocrx_word' id='word_1_218' title='bbox 889 1551 1016 1583; x_wconf 82' lang='lat' dir='ltr'>parvus</span> 
     </span>
     <span class='ocr_line' id='line_1_33' title="bbox 91 1585 1214 1620; baseline 0 -2"><span class='ocrx_word' id='word_1_219' title='bbox 91 1585 133 1618; x_wconf 77' lang='lat' dir='ltr'>Et</span> <span class='ocrx_word' id='word_1_220' title='bbox 150 1597 284 1619; x_wconf 85' lang='lat' dir='ltr'>ramosa</span> <span class='ocrx_word' id='word_1_221' title='bbox 301 1585 419 1618; x_wconf 87' lang='lat' dir='ltr'>Micon</span> <span class='ocrx_word' id='word_1_222' title='bbox 437 1585 566 1618; x_wconf 75' lang='lat' dir='ltr'>vivacis</span> <span class='ocrx_word' id='word_1_223' title='bbox 584 1597 712 1619; x_wconf 80' lang='lat' dir='ltr'>cornua</span> <span class='ocrx_word' id='word_1_224' title='bbox 730 1586 830 1619; x_wconf 82' lang='lat' dir='ltr'>cervi.</span> <span class='ocrx_word' id='word_1_225' title='bbox 1169 1588 1214 1620; x_wconf 87' lang='lat'>30</span> 
     </span>
     <span class='ocr_line' id='line_1_34' title="bbox 86 1630 958 1675; baseline 0.001 -12"><span class='ocrx_word' id='word_1_226' title='bbox 86 1630 122 1664; x_wconf 84' lang='lat' dir='ltr'>Si</span> <span class='ocrx_word' id='word_1_227' title='bbox 141 1631 318 1675; x_wconf 86' lang='lat' dir='ltr'>proprium</span> <span class='ocrx_word' id='word_1_228' title='bbox 335 1632 400 1664; x_wconf 87' lang='lat' dir='ltr'>hoc</span> <span class='ocrx_word' id='word_1_229' title='bbox 417 1632 534 1674; x_wconf 82' lang='lat' dir='ltr'>fuerit,</span> <span class='ocrx_word' id='word_1_230' title='bbox 552 1632 619 1665; x_wconf 80' lang='lat' dir='ltr'>levi</span> <span class='ocrx_word' id='word_1_231' title='bbox 638 1632 680 1665; x_wconf 75' lang='lat' dir='ltr'>(le</span> <span class='ocrx_word' id='word_1_232' title='bbox 697 1643 866 1665; x_wconf 82' lang='lat' dir='ltr'>marmore</span> <span class='ocrx_word' id='word_1_233' title='bbox 884 1635 958 1664; x_wconf 84' lang='lat' dir='ltr'>tota</span> 
     </span>
     <span class='ocr_line' id='line_1_35' title="bbox 91 1676 830 1713; baseline 0.001 -3"><span class='ocrx_word' id='word_1_234' title='bbox 91 1676 241 1711; x_wconf 91' lang='lat' dir='ltr'>Puniceo</span> <span class='ocrx_word' id='word_1_235' title='bbox 260 1677 365 1711; x_wconf 86' lang='lat' dir='ltr'>stabis</span> <span class='ocrx_word' id='word_1_236' title='bbox 384 1689 479 1711; x_wconf 82' lang='lat' dir='ltr'>suras</span> <span class='ocrx_word' id='word_1_237' title='bbox 498 1678 636 1713; x_wconf 77' lang='lat' dir='ltr'>evincta</span> <span class='ocrx_word' id='word_1_238' title='bbox 654 1678 830 1711; x_wconf 86' lang='lat' dir='ltr'>cothurno.</span> 
     </span>
    </p>

    <p class='ocr_par' dir='ltr' id='par_1_21' title="bbox 118 1723 1127 1767">
     <span class='ocr_line' id='line_1_36' title="bbox 118 1723 1127 1767; baseline 0 -11"><span class='ocrx_word' id='word_1_239' title='bbox 118 1723 210 1757; x_wconf 73' lang='lat' dir='ltr'>Tur.</span> <span class='ocrx_word' id='word_1_240' title='bbox 237 1723 358 1757; x_wconf 86' lang='lat' dir='ltr'>Sinum</span> <span class='ocrx_word' id='word_1_241' title='bbox 377 1724 477 1757; x_wconf 87' lang='lat' dir='ltr'>lactis</span> <span class='ocrx_word' id='word_1_242' title='bbox 495 1728 529 1758; x_wconf 89' lang='lat' dir='ltr'>et</span> <span class='ocrx_word' id='word_1_243' title='bbox 547 1724 621 1758; x_wconf 86' lang='lat' dir='ltr'>haec</span> <span class='ocrx_word' id='word_1_244' title='bbox 639 1728 674 1758; x_wconf 85' lang='lat' dir='ltr'>te</span> <span class='ocrx_word' id='word_1_245' title='bbox 692 1724 771 1767; x_wconf 75' lang='lat' dir='ltr'>liba,</span> <span class='ocrx_word' id='word_1_246' title='bbox 787 1724 922 1767; x_wconf 78' lang='lat' dir='ltr'>Priape,</span> <span class='ocrx_word' id='word_1_247' title='bbox 940 1724 1127 1767; x_wconf 83' lang='lat' dir='ltr'>quotannis</span> 
     </span>
    </p>
   </div>
  </div>
 </body>
</html>
