1320 1932
387 77 608 112 AENEIDOS
633 63 720 110 ΜΒ.
747 76 808 110 IX.
1103 77 1172 111 289

57 145 208 188 Portam,
227 156 302 188 quae
321 144 418 177 ducis
435 143 578 187 imperio
595 143 786 186 commissa,
802 143 990 178 recludunt

58 191 153 224 Freti
169 191 283 232 armis,
303 191 461 233 ultroque
477 189 630 222 invitant
647 188 817 221 moenibus
835 189 978 225 hostem.

58 236 131 280 Ipsi
146 237 242 268 intus
259 236 383 268 dextra
399 246 439 268 ac
456 235 544 267 laeva
560 245 621 277 pro
638 233 790 267 turribus
807 234 949 268 adstant

57 281 194 314 Armati
211 281 309 322 ferro,
328 284 363 313 et
380 280 492 313 cristis
509 280 626 323 capita
642 279 715 312 alta
732 280 864 313 corusci
877 293 886 322 ;

59 326 185 367 Quales
202 327 304 359 aeriae
320 325 493 369 liquentia
508 325 653 358 flumina
669 325 810 368 circum,

57 371 137 406 Sive
154 371 242 405 Padi
257 371 342 415 ripis
359 371 519 404 Athesim
536 382 596 403 seu
613 374 754 414 propter
770 382 956 415 amoenum,
1109 374 1174 407 680

58 417 279 460 Consurgunt
295 417 441 460 geminae
459 427 614 459 quercus,
631 416 839 460 intonsaque
857 417 941 451 coelo

57 462 237 495 Attollunt
254 462 379 506 capit-a,
397 466 433 495 et
450 461 590 494 sublimi
607 461 736 494 vertice
752 466 891 496 nutant.

59 507 275 551 Irrumpunt,
292 507 409 540 aditus
427 507 552 540 Rutuli
570 511 609 540 ut
627 507 743 540 videre
760 512 929 551 patentes.

60 553 232 586 Continuo
250 553 432 595 Quercens,
450 556 485 585 et
502 552 647 596 pulcher
663 552 851 596 Aquicolus
868 554 982 597 armis,

58 598 106 632 Et
122 609 274 642 praeceps
291 598 399 631 animi
416 598 569 639 Tmarus,
587 602 622 630 et
639 597 834 631 Mavortius
852 599 1007 643 Haemon,

61 644 267 687 Agminibus
284 644 366 677 totis
384 648 446 676 aut
462 643 552 676 versi
569 647 666 686 terga
683 643 816 686 dedere,

60 689 134 722 Aut
151 689 224 733 ipso
241 693 349 733 portae
366 699 509 732 posuere
525 688 562 720 in
578 688 698 721 limine
715 689 834 723 vitam.

51 734 151 773 ,Tum
167 735 277 777 magis
294 735 491 766 increscunt
508 733 632 766 animis
650 734 862 767 discordibus
879 735 949 779 irae,

61 779 108 812 Et
120 781 195 823 jam
212 779 347 813 collecti
364 779 464 812 Troes
481 779 718 822 glomerantur
735 780 863 823 eodem,

62 825 109 858 Et
126 825 279 858 conferre
295 836 439 857 manum
456 828 491 857 et
507 835 706 867 procurrere
722 824 861 868 longius
878 826 1019 861 audent.
1111 830 1178 862 690

108 870 255 903 Ductori
272 870 397 913 Turno,
415 869 550 903 diversa
566 869 603 901 in
619 873 718 913 parte
735 870 867 904 furenti

62 915 300 958 Turbantique
317 915 416 958 viros,
433 914 606 958 perfertur
623 915 781 958 nuncius,
798 916 934 950 hostem

63 960 208 994 Fervere
224 960 316 994 caede
332 972 431 1003 nova,
449 964 484 994 et
500 964 617 1004 portas
633 960 786 1004 praebere
803 966 972 1005 patentes.

65 1005 199 1039 Deserit
215 1006 404 1050 inceptum,
422 1010 527 1050 atque
543 1006 689 1039 immani
706 1007 862 1040 concitus
878 1008 931 1041 ira

63 1051 278 1085 Dardaniam
293 1052 366 1085 ruit
382 1051 426 1084 ad
443 1055 580 1095 portam
596 1051 790 1095 fratresque
808 1053 970 1097 superbos
984 1065 991 1088 :

16 1115 23 1118 -
63 1097 110 1130 Et
126 1097 278 1140 primum
295 1097 522 1140 Antiphaten,
538 1097 568 1129 is
585 1097 678 1129 enim
695 1109 729 1130 se
746 1098 878 1141 primus
895 1099 1030 1143 agebat,

64 1142 228 1175 Thebana
245 1142 287 1175 de
302 1146 415 1175 matre
430 1142 578 1175 nothum
595 1142 802 1186 Sarpedonis
819 1144 893 1187 alti,

12 1225 13 1229 Ἰ
66 1188 227 1231 Conjecto
244 1188 368 1220 sternit
380 1187 498 1231 jaculo
512 1198 520 1221 ι
545 1187 639 1221 volat
655 1188 749 1221 Itala
766 1200 889 1223 cornus

65 1233 159 1266 Aera
175 1244 236 1277 per
251 1237 421 1275 tenerum,
439 1232 682 1276 stomachoque
698 1233 808 1267 infixa
825 1235 888 1267 sub
905 1235 1017 1269 altum

6 1303 7 1306 η
66 1278 192 1311 Pectus
209 1278 283 1312 abit
297 1291 306 1320 ;
330 1278 445 1312 reddit
462 1289 582 1321 specus
599 1278 668 1311 atri
684 1279 837 1312 vulneris
853 1281 986 1314 undam
1116 1281 1182 1317 700

9 1337 18 1370 ᾗ
67 1324 303 1367 Spumantem,
322 1328 357 1357 et
374 1324 443 1357 fixo
460 1324 590 1356 ferrum
607 1323 645 1356 in
660 1324 825 1367 pulmone
841 1326 996 1369 tepescit.

0 1375 13 1398 Ἃ
67 1369 156 1402 Tum
193 1369 371 1413 Meropem
408 1373 515 1413 atque
552 1369 745 1413 Erymanta
782 1381 900 1414 manu,
939 1375 1017 1405 tum
1058 1372 1182 1406 sternit

157 1414 362 1458 Aphidnum
376 1427 385 1456 ;

67 1460 158 1493 Tum
173 1460 292 1493 Bitian
309 1461 489 1493 ardentem
506 1459 624 1502 oculis,
641 1460 833 1504 animisque
850 1461 1066 1506 frementem,

67 1506 146 1539 Non
158 1506 435 1549 jaculo—neque
452 1505 544 1538 enim
557 1505 675 1548 jaculo
692 1506 802 1539 vitam
817 1506 877 1540 ille
894 1507 1092 1542 dedisset—-

68 1550 135 1585 Sed
152 1562 320 1594 magnum
337 1551 485 1584 stridens
502 1554 659 1584 contorta
676 1551 853 1595 phalarica
870 1553 975 1595 venit,

69 1596 240 1629 Fulminis
257 1601 336 1630 acta
352 1597 452 1629 modo
466 1608 473 1629 :
499 1607 603 1639 quam
619 1608 682 1629 nec
700 1597 768 1630 duo
784 1601 906 1631 taurea
921 1601 1030 1643 terga,

69 1641 142 1675 Nec
159 1642 292 1685 duplici
310 1653 453 1685 squama
469 1642 575 1674 lorica
591 1641 702 1674 fidelis
720 1646 756 1675 et
773 1654 854 1676 aure

24 1691 28 1695 '
70 1687 246 1720 Sustinuit
259 1700 269 1728 3
294 1687 445 1731 collapsa
461 1691 570 1720 ruunt
586 1687 753 1721 immania
768 1687 932 1723 membra.

70 1730 142 1766 Dat
158 1732 263 1766 tellus
278 1733 458 1777 gemitum,
476 1737 511 1766 et
529 1733 681 1776 clipeum
697 1745 800 1777 super
814 1733 955 1769 intonat
969 1734 1115 1779 ingenae

619 1787 644 1813 U
