1345 1927
392 115 660 150 GEORGICON
685 115 771 148 LIB.
799 115 846 149 II.
1139 117 1184 148 45

64 181 144 216 Flos
160 181 205 215 ad
221 182 334 226 prima
351 185 484 223 tenax3
509 182 642 215 animas
660 185 694 215 et
712 181 841 215 olentia
859 182 955 215 Medi

64 228 133 262 Ora
149 228 269 261 fovent
285 228 355 270 illo,
373 232 408 261 et
426 228 564 261 senibus
580 228 801 260 medicantur
817 227 987 274 anhelis.

109 273 176 307 Sed
193 284 305 317 neque
321 273 512 316 Medorum,
530 273 625 307 silvae
642 273 822 316 ditissima,
842 277 943 316 terra,

61 318 93 352 N
97 330 135 352 ec
151 318 295 363 pulcher
313 319 458 362 Ganges,
475 323 581 362 atque
598 330 680 352 auro
697 318 858 351 turbidus
876 319 1038 361 Hermus,

62 364 242 398 Laudibus
260 363 375 398 Rafiae
393 368 548 405 certent;
573 376 642 397 non
659 364 796 406 Bactra,
814 375 926 408 neque
943 345 1038 407 Indi:

61 410 218 454 Totaque
234 410 413 443 thuriferis
431 410 611 443 Panchaia
627 410 768 454 pinguis
785 411 908 444 arenis.

62 456 148 489 Haec
165 456 241 489 loca
256 467 326 489 non
343 456 436 489 tauri
453 456 624 500 spirantes
641 455 782 489 naribus
798 455 917 498 ignem
1120 457 1186 489 140

63 501 252 544 Invertere,
270 502 352 534 satis
370 502 530 535 immanis
548 501 710 535 dentibus
727 501 831 545 hydri
846 514 854 541 ;

41 547 135 581 :r-Nec
151 547 260 591 galeis
277 547 458 591 densisque
477 547 589 580 virum
607 559 701 590 seges
718 547 853 580 horruit
870 546 979 580 hastis
993 559 1001 581 z

63 593 130 627 Sed
147 593 299 637 gravidae
315 593 432 637 fruges
451 597 485 626 et
502 593 632 626 Bacchi
645 593 816 626 Massicus
833 592 957 626 humor

64 639 257 683 Implevere
272 651 279 679 3
305 642 427 672 tenent
444 639 526 672 oleae
543 643 771 682 armentaque
788 638 878 671 laeta.

64 684 160 717 Hinc
175 684 324 717 bellator
341 695 448 728 equus
465 696 587 728 campo
606 696 677 717 sese
694 684 824 717 arduus
841 684 948 717 infert
961 696 971 725 3

64 730 158 764 Hinc
175 730 256 773 albi,
275 730 458 773 Clitumne,
475 742 606 773 greges,
625 733 659 763 et
675 730 830 763 maxima
847 734 968 763 taurus

64 776 228 818 Victima,
246 786 335 819 saepe
352 780 412 809 tuo
429 776 560 819 perfusi
577 775 719 809 flumine
737 786 842 818 sacro,

64 821 236 854 Romanos
253 821 298 854 ad
316 821 449 864 templa
466 821 570 854 deum
588 821 718 854 duxere
736 820 940 864 triumphos.

65 867 135 900 Hic
151 878 211 899 ver
227 866 413 909 assiduum,
431 870 490 909 31(Ι
495 878 538 900 116
555 866 677 899 aliems
694 866 869 899 mensibus
888 870 987 900 aestas
1002 879 1011 908 ;

63 912 124 946 Bis
139 912 291 956 gravidae
309 894 469 961 pecudes,
485 912 538 945 bis
556 912 666 956 pomis
683 912 779 945 utilis
797 912 905 946 arbos.
1122 915 1188 946 150

63 957 113 991 At
128 958 256 991 rabidae
274 954 382 1002 tigres
399 958 526 991 absunt
544 962 577 991 et
595 969 686 991 saeva
703 958 842 991 leonum

65 1003 226 1044 Semina3
251 1015 315 1037 nec
331 1004 472 1037 miseros
489 1004 620 1037 fallunt
637 1004 776 1037 aconita
793 1004 971 1047 legentes3

63 1049 97 1082 N
99 1061 137 1083 ec
153 1030 247 1094 rapit
263 1050 446 1083 immensos
464 1050 560 1083 orbes
579 1062 639 1094 per
657 1050 702 1083 111·
695 1061 812 1093 ·mum,
831 1061 941 1102 neque
959 1053 1058 1084 tanto

64 1095 283 1139 Squameus'
273 1107 311 1128 111
328 1096 456 1140 spiram
473 1100 590 1129 tractu
608 1107 642 1129 se
660 1095 793 1139 colligit
810 1096 944 1139 anguis.
1028 1091 1140 1115 4-“”

62 1140 162 1174 Adde
179 1145 232 1175 tot
248 1142 402 1185 egregias
419 1141 530 1184 urbes,
548 1153 759 1186 operumque
776 1141 873 1175 labor
875 1153 940 1186 em,

64 1186 129 1220 Tot
147 1193 310 1231 congesta
326 1192 440 1221 manu
451 1188 635 1232 praeruptis
653 1188 780 1232 oppida
798 1188 901 1230 saxis,

60 1232 296 1277 Fluminaque
313 1233 475 1277 antiquos
493 1234 766 1267 subterlabentia
782 1245 906 1266 muros.

65 1278 122 1311 An
137 1290 242 1322 mare,
260 1279 352 1323 quod
370 1291 483 1323 supra,
500 1291 696 1322 memorem,
715 1279 875 1323 quodque
893 1279 996 1312 alluit
1012 1279 1130 1313 infra?

64 1323 166 1357 Anne
181 1324 278 1358 lacus
295 1328 434 1358 tantos.
425 1325 436 1351 ‘l
463 1330 507 1368 te,
525 1325 604 1358 Lari
621 1325 782 1368 maxime,
801 1330 913 1368 teque,

64 1369 248 1404 Fluctibus
264 1374 300 1403 et
316 1371 461 1404 fremitu
478 1382 670 1414 assurgens,
688 1371 833 1413 Benace,
851 1371 984 1404 marino
999 1370 1012 1403 2
1124 1371 1190 1404 160

63 1415 121 1448 An
136 1427 323 1449 memorem
340 1428 402 1460 por
404 1421 470 1459 tus,
490 1417 710 1460 Lucrinoque
727 1397 849 1449 addit'a
865 1417 1031 1459 claustra,

64 1461 183 1504 Atque
199 1462 424 1505 indignatum
441 1463 576 1506 magnis
595 1463 798 1495 stridoribus
815 1474 940 1506 aequor,

63 1507 90 1540 J
91 1507 166 1541 ulia
181 1519 252 1551 qua
268 1512 374 1552 ponto
390 1508 492 1552 longe
510 1513 609 1542 sonat
626 1509 720 1542 unda
736 1508 862 1551 refuso,

151 1553 331 1598 henusque
347 1554 445 1587 fretis
462 1555 667 1587 immittitur
684 1558 788 1588 aestus
805 1553 953 1587 Avernis
967 1554 980 1588 ’.ἱ

103 1610 150 1632 aec
167 1599 288 1633 eadem
304 1601 442 1652 argenti
458 1599 548 1634 rivos
566 1601 709 1643 aerisque
725 1600 869 1633 metalla

65 1644 226 1678 Ostendit
242 1646 349 1689 venis,
363 1650 469 1698 atque
486 1658 569 1680 auro
586 1646 737 1690 plurima
749 1646 867 1679 fluxit.

64 1690 151 1724 Haec
168 1702 277 1735 genus
293 1702 371 1725 acre
388 1692 514 1735 virum,
532 1693 664 1726 Marsos
680 1692 877 1737 pubemque
894 1690 1078 1736 Sabellam,

64 1736 321 1781 Assuetumque
337 1738 428 1771 malo
446 1738 619 1782 Ligurem,
638 1739 847 1782 Volscosque
864 1741 1002 1771 verutos

66 1781 231 1825 Extulit3
255 1783 329 1817 haec
345 1784 478 1827 Decios,
497 1784 635 1828 Marios,
652 1796 732 1828 11133
723 1796 804 1818 rnos·
782 1796 866 1828 sque
885 1784 1057 1826 Camillos,
