1320 1932
421 77 646 113 AENEIDOS
668 80 754 113 LIB.
781 80 841 113 XI.
1121 81 1188 112 329

87 141 281 176 Consedisse
297 143 417 176 urbem
433 143 541 185 luctu,
558 143 642 176 dum
660 143 762 175 Troia
780 146 894 175 tentat
1130 142 1198 174 350

87 186 213 230 Castra,
229 188 323 231 fugae
339 188 459 231 fidens,
476 193 511 221 ct
528 188 653 221 coelum
671 188 809 220 territat
825 188 938 220 armis.

86 232 200 266 Unum
218 233 323 266 etiam
341 234 438 266 donis
455 234 540 275 istis,
558 245 636 277 quae
654 233 804 276 plurima
821 233 917 265 mitti

85 276 293 311 Dardanidis
311 279 447 322 dicique
459 278 571 322 jubes,
589 289 711 320 unum,
728 279 858 322 optime
874 289 1006 321 regum,

84 322 237 366 Adjicias
251 336 260 364 3
285 335 348 357 nec
365 328 400 357 te
417 324 522 356 ullius
540 323 707 357 violentia
726 324 854 365 vincat,

87 367 179 408 Quin
195 373 314 402 natam
332 370 469 412 egregio
485 380 610 412 genero
627 369 810 412 dignisque
827 368 1018 411 hymenaeis

84 412 163 454 Des,
180 418 289 457 pater,
307 417 342 447 et
358 426 479 458 pacem
496 415 586 447 hanc
603 418 732 448 aeterno
749 414 876 446 foedere
888 415 1028 457 jungas.

86 458 184 499 Quod
202 459 230 491 si
247 463 367 492 tantus
384 459 489 493 habet
505 463 638 493 mentes
651 463 685 492 et
702 464 842 503 pectora
860 464 977 502 terror,

86 503 206 547 Ipsum
223 503 444 548 obtestemur,
461 505 666 548 veniamque
684 516 819 538 oremus
836 505 879 537 ab
896 505 970 548 ipso
985 517 994 545 ;

85 548 201 591 Cedat,
214 551 273 593 jus
290 550 468 594 proprium
485 551 559 594 regi
575 550 768 594 patriaeque
784 550 951 583 remittat.

86 594 177 634 Quid
194 595 333 628 miseros
350 596 452 628 toties
469 595 507 628 in
523 600 644 639 aperta
662 595 817 639 pericula
834 595 925 628 cives
1134 596 1202 628 360

86 639 240 683 Projicis,
257 651 276 673 0
294 640 393 673 Latio
411 645 516 684 caput
533 641 657 674 horum
674 645 709 674 et
727 652 829 674 causa
846 641 1016 673 malorum
1030 640 1042 674 2

85 684 193 718 Nulla
211 685 302 718 salus
318 686 408 719 bello
423 698 429 719 :
454 697 575 729 pacem
592 690 627 719 te
643 686 815 730 poscimus
833 697 959 728 omnes,

85 730 210 772 Turne,
229 731 331 763 simul
349 731 443 774 pacis
460 731 571 764 solum
587 731 788 764 inviolabile
806 731 944 774 pignus

86 774 223 808 Primus
240 787 312 819 ego,
329 776 482 809 invisum
499 788 601 820 quem
620 780 658 809 tu
678 776 739 809 tibi
757 776 869 819 fingis,
887 781 922 809 et
939 787 1010 809 esse

85 820 146 853 Nil
162 832 283 863 moror,
301 832 344 853 en
362 821 509 865 supplex
526 821 636 855 venio.
686 821 848 854 Miserere
867 826 1018 864 tuorum,

85 865 179 898 Pone
196 866 337 908 am‘mos,
355 870 390 899 et
406 867 526 910 pulsus
543 866 607 900 abi.
657 866 718 900 Sat
735 867 859 899 funera
875 867 947 899 fusi

87 910 256 954 Vidimus,
273 911 432 954 ingentes
449 916 484 944 et
501 912 731 945 desolavimus
749 923 856 955 agros.

86 956 160 989 Aut
177 957 206 989 si
222 956 315 989 fama
331 960 457 1000 movet,
476 957 503 989 si
521 961 660 990 tantum
678 961 815 1001 pectore
832 957 936 990 robur

87 1001 255 1045 Concipis,
273 1005 308 1035 et
325 1002 354 1034 si
370 1002 454 1035 adeo
472 1002 596 1035 dotalis
612 1003 709 1046 regia
727 1003 820 1036 cordi
837 1008 888 1036 est
903 1015 911 1044 3

86 1047 196 1089 Aude,
214 1051 319 1090 atque
337 1047 519 1080 adversum
536 1047 645 1080 fidens
662 1049 714 1081 fer
730 1052 852 1092 pectus
869 1049 905 1081 in
922 1048 1066 1082 hostem.
1135 1048 1203 1082 370

87 1092 236 1134 Scilicet,
254 1096 296 1125 ut
313 1092 428 1125 Turno
446 1093 627 1136 contingat
643 1094 739 1136 regia
756 1095 893 1137 conjux,

87 1137 167 1179 Nos,
186 1137 310 1170 animae
327 1137 422 1180 viles,
437 1138 623 1171 inhumata
639 1139 828 1182 infletaque
844 1139 958 1182 turba,

88 1182 290 1216 sternamur
308 1183 446 1226 campis.
487 1183 534 1215 Et
546 1184 621 1226 jam
638 1187 689 1226 tu,
708 1184 736 1216 si
753 1195 830 1227 quae
847 1184 913 1217 tibi
930 1185 991 1227 vis,

89 1228 124 1261 Si
141 1228 246 1271 patrii
263 1227 348 1286 quid
365 1228 490 1261 Martis
508 1228 622 1271 habes,
640 1229 740 1262 illum
757 1230 872 1273 aspice
889 1233 1019 1272 contra,

90 1273 156 1314 Qui
175 1277 283 1306 vocat.

134 1318 275 1350 Talibus
293 1318 422 1351 exarsit-
439 1318 542 1351 dictis
558 1319 724 1352 violentia
741 1319 849 1352 Turni
864 1333 872 1360 ;

87 1363 158 1396 Dat
176 1364 353 1406 gemitum,
369 1364 570 1407 rumpitque
587 1364 649 1397 has
666 1365 734 1398 imo
751 1369 889 1407 pectore
906 1376 1005 1398 voces
1020 1377 1026 1398 ε

88 1408 230 1450 “Larga
249 1407 399 1450 quidem,
418 1407 564 1449 Drance,
584 1419 717 1452 semper
733 1409 798 1442 tibi
816 1409 914 1452 copia
930 1409 1030 1442 fandi

87 1452 186 1495 Tum,
204 1463 314 1495 quum
329 1451 420 1484 bella
437 1462 561 1484 manus
578 1456 725 1495 poscunt
740 1464 748 1492 ;
772 1452 999 1496 patribusque
1016 1452 1146 1487 vocatis

88 1497 226 1530 Primus
244 1497 333 1530 ades.
375 1496 442 1530 Sed
458 1507 528 1529 non
544 1497 710 1540 replenda
727 1502 778 1530 est
795 1498 891 1531 curia
909 1498 1030 1541 verbis,
1136 1500 1204 1534 380

89 1542 173 1583 Quae
190 1545 268 1575 tuto
286 1541 351 1574 tibi
367 1553 495 1584 magna
511 1542 640 1585 volant,
659 1542 743 1575 dum
760 1543 904 1576 distinet
921 1543 1055 1576 hostem

88 1588 205 1630 Agger
220 1598 415 1630 moerorum,
431 1598 495 1620 nec
511 1587 687 1620 inundant
704 1588 873 1631 sanguine
889 1588 996 1622 fossae.

89 1632 238 1665 Proinde
255 1636 338 1665 tona
355 1633 686 1676 eloquio,—solitum
703 1633 768 1666 tibi
782 1646 790 1674 3
814 1645 937 1677 meque
954 1634 1087 1667 timoris

89 1678 207 1721 Argue
224 1681 275 1720 tu,
292 1677 438 1720 Drance,
456 1677 593 1721 quando
610 1682 663 1711 tot
681 1679 805 1722 stragis
822 1690 959 1712 acervos

91 1723 302 1757 Teucrorum
318 1726 381 1758 tua
398 1723 522 1758 dextra
538 1723 643 1768 dedit,
660 1724 856 1769 passimque
872 1724 1009 1770 tropaeis
