1330 1932
434 73 653 108 AENEIDOS
678 74 765 108 LIB.
792 74 855 108 IV.
1141 77 1206 107 165

92 142 176 184 Quae
193 142 343 185 tandem,
361 141 516 174 Ausonia
533 142 680 174 Teucros
697 141 872 174 considere
889 145 990 184 terra,

92 188 230 222 Invidia
246 187 324 221 est?
372 187 418 220 Et
435 198 496 220 nos
513 187 566 220 fas
583 191 702 220 extera
719 198 872 230 quaerere
889 198 1005 229 regna.
1138 189 1207 220 350

90 233 149 267 Me
165 234 274 278 patris
291 233 463 276 Anchisae,
481 233 614 277 quoties
631 232 857 265 humentibus
874 232 1006 265 umbris

89 279 169 313 Nox
186 279 296 323 operit
313 284 430 321 terras,
447 278 582 322 quoties
599 283 692 312 ast-ra
708 278 811 322 ignea
828 285 986 321 surgunt,

89 325 263 358 Admonet
278 325 315 357 in
333 324 459 358 somnis
476 328 511 357 et
528 323 668 357 turbida
684 328 791 357 terret
806 324 921 367 imago
936 337 944 365 3

89 370 148 404 Me
165 382 251 415 puer
267 370 448 413 Ascanius,
465 370 657 414 capitisque
673 369 804 413 injuria
820 370 901 413 cari,

90 416 201 457 Quem
216 427 322 459 regno
340 415 518 460 Hesperiae
535 415 659 448 fraudo
677 420 712 448 et
727 415 894 448 fatalibus
910 415 1011 449 arvis.

88 462 192 495 Nunc
208 462 314 495 etiam
330 462 500 505 interpres
517 461 647 495 divum.
664 461 753 494 Jove
769 461 894 494 missus
911 461 981 494 ab
972 473 1057 505 lpso‚

90 507 224 551 (Testor
239 511 427 550 utrumque
444 507 566 551 caput)
585 507 710 540 celeres
726 507 894 540 mandata
910 519 971 551 per
987 518 1088 540 auras

88 553 235 587 Detulit.
277 553 356 597 Ipse
373 553 476 586 deum
492 553 703 586 manifesto
693 564 731 585 in
748 553 880 586 lumine
896 553 969 586 vidi

91 598 290 632 Intrantem
307 610 432 641 muros,
450 610 637 642 vocemque
653 598 707 631 his
725 598 866 631 auribus
882 599 993 632 hausi.

89 644 217 678 Desine
233 656 357 688 meque
375 644 445 678 tuis
462 644 644 677 incendere
661 648 764 688 teque
782 645 952 688 querelis,
1138 645 1205 677 360

90 690 231 723 Italiam
247 702 315 723 non
334 693 454 734 sponte
471 690 620 732 sequorss'

136 736 233 769 Talia
250 736 423 768 dicentem
434 735 645 779 jamdudum
662 747 780 769 aversa
797 739 928 778 tuetur,

90 781 172 814 Huc
188 781 273 814 illuc
290 781 432 814 volvens
449 781 573 824 oculos,
591 785 774 824 totumque
791 786 944 824 pererrat

89 826 296 860 Luminibus
313 827 439 869 tacitis,
457 831 492 859 et
510 826 557 859 sic
574 838 719 859 accensa
735 827 915 870 piofatur:

94 870 196 903 ‘Nec
213 870 278 902 tibi
295 870 375 903 diva
391 881 523 913 paiens,
540 870 674 912 generis
692 881 756 903 nec
774 871 958 903 Dardanus
975 873 1106 912 auctor,

89 916 224 950 Perfide
237 929 246 957 ;
273 917 331 949 sed
349 916 444 948 duris
461 916 585 959 genuit
602 920 637 948 te
655 915 815 948 cautibus
833 915 975 949 horrens

89 962 270 1004 Caucasus,
288 962 533 1005 Hyrcanaeque
550 961 736 994 admorunt
753 961 860 994 ubera
878 961 993 1005 tigres.

88 1008 180 1041 Nam
197 1008 281 1052 quid
298 1007 476 1040 dissimulo
490 1007 502 1040 ’.ἱ
527 1012 590 1040 aut
608 1018 683 1051 quae
701 1018 756 1040 me
773 1007 817 1039 ad
833 1008 965 1051 majora
980 1017 1115 1040 reservo
1129 1005 1142 1040 'l

88 1053 184 1088 Num
199 1053 286 1087 fietu
302 1053 474 1096 ingemuit
491 1058 606 1086 nostro
621 1053 633 1086 2
658 1064 744 1085 num
760 1053 895 1086 lumina
911 1053 1010 1086 flexit
1024 1053 1036 1086 ’.ἱ

88 1099 183 1133 Num
189 1099 350 1132 lacrimas
358 1100 472 1132 victus
484 1099 589 1140 dedit,
597 1103 660 1132 aut
670 1099 853 1132 miseratus
864 1104 1041 1132 amantem
1053 1102 1105 1132 est
1115 1098 1126 1131 'l
1138 1098 1206 1132 370

90 1146 175 1187 Quae
194 1145 318 1188 quibus
334 1145 526 1178 anteferam
540 1144 551 1177 ’.ἱ
578 1145 603 1178 J
604 1156 661 1177 am
673 1145 747 1188 jam
764 1156 827 1177 nec
844 1145 999 1178 maxima
1015 1145 1040 1179 J
1041 1156 1121 1187 uno,

87 1191 161 1224 Nec
179 1191 364 1224 Saturnius
381 1191 456 1224 haec
473 1190 582 1224 oculis
599 1195 698 1234 pater
715 1190 840 1233 aspicit
857 1191 976 1234 aequis.

88 1237 273 1281 Nusquam
288 1241 368 1280 tuta
384 1236 478 1269 fides.
520 1236 680 1279 Ejectum
696 1236 807 1278 litore,
825 1240 985 1279 egentem

89 1282 231 1326 Excepi,
249 1287 284 1316 et
299 1282 399 1325 regni
416 1282 556 1315 demens
573 1282 610 1314 in
627 1286 726 1325 parte
742 1281 854 1314 locavi
868 1294 876 1322 ;

88 1329 262 1361 Amissam
278 1328 430 1370 classem,
449 1328 554 1360 socios
571 1339 591 1360 a
608 1331 717 1360 morte
733 1327 867 1360 reduxi.

90 1374 170 1407 Heu
188 1374 287 1406 furiis
304 1374 446 1407 incensa
461 1373 552 1406 feror
567 1374 573 1406 ἔ
601 1373 703 1406 Nunc
721 1384 834 1416 augur
851 1373 984 1417 Apollo,

89 1419 192 1454 Nunc
209 1420 322 1462 Lyciae
340 1424 455 1462 sortes,
473 1430 567 1452 nunc
586 1423 620 1452 et
638 1419 663 1452 J
665 1430 726 1452 ove
743 1420 867 1452 missus
883 1419 927 1453 ab
944 1420 1018 1464 ipso

89 1465 267 1509 Interpres
285 1465 405 1498 divum
421 1466 490 1498 fert
507 1465 647 1497 horrida
659 1466 758 1508 jussa
774 1476 836 1509 per
852 1477 964 1499 auraS.

89 1511 231 1545 Scilicet
248 1511 276 1544 is
295 1511 425 1554 superis
442 1510 540 1544 labor
557 1515 609 1544 est
623 1523 632 1552 ;
657 1522 697 1544 ea
714 1522 797 1544 cura
814 1512 949 1554 quietos

89 1557 272 1591 Sollicitat.
313 1557 435 1600 Neque
452 1560 488 1590 te
504 1561 615 1600 teneo,
633 1568 746 1600 neque
765 1558 861 1590 dicta
876 1557 1007 1590 refello.
1141 1559 1209 1591 380

91 1603 120 1645 Ι,
137 1614 279 1646 sequere
297 1603 440 1636 Italiam
456 1603 571 1636 ventis
587 1615 594 1643 ;
613 1607 692 1647 pete
707 1615 815 1647 regna
832 1615 893 1647 per
910 1604 1033 1636 undas.

91 1649 197 1693 Spero
214 1649 375 1692 equidem
391 1648 525 1691 mediis,
543 1648 571 1681 si
588 1649 673 1692 quid
689 1649 748 1693 pia
764 1650 910 1682 numina
927 1652 1081 1693 possunt,

93 1694 273 1739 Supplicia
289 1694 483 1728 hausurum
501 1695 660 1738 scopulis,
679 1699 713 1728 et
729 1696 869 1728 nomine
886 1695 977 1728 Dido

94 1740 192 1785 Saepe
207 1744 422 1775 vocaturum.
459 1740 591 1785 Sequar
607 1741 692 1775 atris
709 1741 849 1786 ignibus
866 1741 988 1775 absens
998 1753 1008 1782 ς
