1345 1927
161 104 229 135 284
470 101 506 136 P.
533 102 737 135 VIRGILII
765 101 977 135 MARONIS
1344 105 1345 123 ¹

163 167 339 211 Conjicite,
355 179 376 202 o
394 168 537 210 Rutuli3
562 180 617 202 me
635 170 781 213 primam
799 169 969 202 absumite
987 169 1095 210 ferr0;

161 214 236 246 Aut
253 218 302 256 tu,
320 225 445 257 magne
462 218 560 258 pater
577 214 706 256 divum,
724 215 892 257 miserere,
911 219 1040 258 tuoque

163 259 325 293 Invisum
341 260 405 292 hoc
424 260 569 293 detrude
587 265 693 304 caput
711 260 774 293 sub
791 261 934 293 Tartara
951 260 1038 294 telo:

163 304 310 346 Quando
327 305 428 338 aliter
445 317 577 349 nequeo
595 306 768 339 crudelem
786 306 991 350 abrumpere
1008 305 1146 340 vitam.”

162 349 239 384 Hoc
256 350 342 384 fletu
358 352 514 384 concussi
530 351 647 393 animi,
665 356 874 394 maestusque
892 363 952 395 per
969 362 1085 385 omnes

163 395 198 429 It
216 397 366 440 gemitus
381 410 389 438 ;
414 401 555 441 torpent
568 397 725 430 infractae
743 398 786 430 ad
805 397 926 441 proelia
943 397 1042 430 vires.

163 441 267 475 Illam
283 442 528 475 incendentem
545 442 661 475 luctus
680 442 796 476 ldaeus
813 447 848 476 ct
866 443 981 484 Actor,
1211 442 1278 475 500

164 487 288 521 Ilionei
305 488 442 521 monitu
459 492 494 521 et
510 488 663 520 multum
680 488 895 522 lacrimantis
914 488 993 531 Iuli,

164 533 373 577 Corripiunt,
391 534 550 575 interque
567 545 690 566 manus
708 534 771 566 sub
789 538 881 567 tecta
897 537 1081 577 reponunt.

209 578 258 611 At
274 578 359 612 tuba
375 578 563 612 terribilem
582 579 733 611 sonitum
751 579 870 622 procul
887 590 952 612 aere
970 591 1093 613 canoro

164 624 344 668 Increpuit
358 636 364 658 :
391 623 547 667 sequitur
564 624 701 667 clamor,
719 624 914 667 coelumque
929 625 1092 668 remugit.

163 670 367 703 Accelerant
384 673 464 703 acta
480 670 610 714 pariter
626 670 801 711 testudine
819 670 933 704 Volsci
949 682 958 711 ;

164 715 211 748 Et
227 716 334 749 fossas
350 715 494 760 implere
511 721 645 759 parant,
664 727 704 748 ac
722 716 846 749 vellere
864 716 1003 749 vallum.

165 761 335 802 Quaerunt
352 773 430 805 pars
448 761 592 804 aditum,
611 766 645 794 et
663 761 762 794 scalis
780 761 962 795 ascendere
978 772 1103 804 muros,

165 807 243 847 Qua
258 818 337 840 rara
354 811 405 840 cst
422 807 522 849 acies,
541 807 795 850 interlucetque
813 819 937 840 corona

164 851 198 885 N
200 864 243 886 on
260 856 333 886 tam
350 852 458 896 spissa
476 852 566 886 viris.
615 852 776 885 Telorum
793 852 968 886 effundere
986 857 1106 886 contra

166 898 275 931 Omne
292 909 401 941 genus
418 898 550 941 Teucri,
568 909 608 931 ac
626 898 720 931 duris
739 898 921 932 detrudere
939 899 1059 942 contis,
1215 900 1282 932 510
1330 906 1331 936 ζ

164 943 304 977 Assueti
321 943 423 987 longo
439 955 554 976 muros
571 943 753 977 defendere
770 943 867 978 bello.

166 989 258 1023 Saxa
274 1000 410 1033 quoque
427 989 553 1022 infesto
570 988 756 1023 volvebant
772 990 932 1033 pondere,
950 990 979 1023 si
997 1001 1067 1034 qua

166 1035 310 1069 Possent
327 1039 455 1068 tectam
472 1035 580 1068 aciem
598 1046 818 1079 perrumpere
835 1047 841 1068 :
868 1046 978 1079 quum
994 1041 1112 1069 tamen
1130 1046 1246 1069 omnes

166 1080 268 1114 Ferre
280 1082 384 1124 juvat
401 1080 518 1114 subter
535 1081 639 1114 densa
658 1081 834 1114 testudine
851 1092 958 1115 casus.

166 1126 238 1159 Nec
249 1127 325 1170 jam
342 1126 519 1159 sufficiunt
533 1138 540 1160 ;
566 1137 648 1160 nam
665 1138 733 1170 qua
750 1126 872 1169 globus
889 1127 1049 1161 imminet
1065 1127 1198 1171 ingene,

165 1173 360 1206 Immanem
376 1172 499 1205 Teucri
514 1172 641 1205 molem
658 1172 872 1216 volvuntque
888 1177 1064 1215 ruuntque
1079 1186 1088 1214 3

167 1218 251 1258 Quae
268 1217 392 1252 stravit
411 1217 559 1251 Rutulos
576 1217 656 1260 late,
674 1229 916 1262 armorumque
933 1219 1073 1252 resolvit

165 1263 342 1307 Tegmina.
390 1263 424 1296 N
425 1274 463 1296 ec
481 1268 605 1297 curant
622 1274 710 1296 caeco
728 1264 934 1297 contendere
951 1263 1066 1298 Marte

166 1309 326 1353 Amplius
343 1309 491 1343 audaces
511 1309 646 1352 Rutuli,
664 1309 722 1342 sed
740 1309 867 1354 pellere
884 1309 976 1344 vallo

165 1355 357 1388 Missilibus
374 1358 520 1388 certant.
1217 1357 1284 1389 520

166 1401 271 1434 Parte
287 1401 357 1434 alia
373 1400 563 1434 horrendus
580 1400 658 1434 visu
675 1400 862 1444 quassabat
879 1401 1062 1435 Etruscam

166 1446 305 1490 Pinum,
322 1450 357 1480 et
373 1446 552 1479 fumiferos
569 1446 675 1480 infert
692 1447 887 1480 Mezentius
904 1447 1002 1491 ignes
1016 1460 1024 1488 ;

165 1492 215 1526 At
232 1492 411 1536 Messapus
429 1503 558 1536 equum
575 1492 732 1535 domitor,
750 1492 930 1536 Neptunia
946 1493 1068 1537 proles,

167 1538 347 1572 Rescindit
365 1537 508 1582 vallum,
524 1541 560 1571 et
577 1538 685 1572 scalas
701 1538 739 1571 in
755 1539 884 1572 moenia
900 1539 1019 1583 poscit.

214 1584 292 1626 Vos,
311 1595 330 1617 0
347 1583 510 1628 Calliope,
527 1594 659 1627 precor,
676 1584 826 1628 aspirate
844 1585 993 1628 canenti,

168 1629 261 1670 Quas
278 1629 326 1662 ibi
343 1634 429 1663 tunc
446 1630 535 1663 ferro
553 1633 694 1673 strages,
713 1640 789 1673 quae
806 1630 931 1664 funera
947 1631 1084 1664 Turnus

166 1675 336 1718 Edidefit,
353 1687 456 1719 quem
474 1675 618 1719 quisque
635 1675 751 1709 virum
768 1675 945 1710 demiserit
962 1676 1048 1710 Orco
1062 1688 1072 1717 ;

166 1721 213 1754 Et
230 1732 366 1753 mecum
383 1721 542 1764 ingentes
558 1731 633 1754 oras
650 1721 798 1755 evolvite
814 1721 906 1756 belli.

166 1765 181 1808 s
183 1766 229 1799 Et
245 1767 452 1800 meministis
469 1767 571 1809 enim,
589 1766 688 1809 divae,
706 1771 742 1800 et
757 1778 946 1801 memorare
963 1765 1132 1812 potestis]

214 1811 332 1845 Turris
349 1816 423 1846 erat
439 1817 537 1847 vasto
554 1817 717 1856 suspectu
733 1819 769 1846 et
785 1813 949 1857 pontibus
965 1813 1055 1856 altis,
1216 1814 1285 1848 530

1309 1004 1333 1033 'l
