1345 1927
394 66 660 101 GEORGICON
686 67 775 100 LIB.
802 67 830 101 1.
1137 64 1181 97 39

61 133 126 177 Ire,
143 144 256 177 neque
272 144 293 166 a
310 136 401 166 terra
417 136 558 166 moneat
574 132 766 165 convellere
782 133 915 166 funem.

60 179 109 212 At
125 179 163 222 si,
181 190 289 222 quum
305 179 499 221 referetque
516 178 609 210 diem
625 178 817 221 condetque
834 178 996 220 relatum,

59 225 212 257 Lucidus
229 224 319 256 orbis
336 224 402 256 erit
416 236 425 264 ;
449 224 580 256 frustra
596 223 768 256 terrebere
784 223 922 266 nimbis,

58 269 106 302 Et
123 269 214 302 claro
232 269 335 302 silvas
352 280 469 302 cernes
486 268 648 312 aquilone
664 268 806 304 moveri*
1109 270 1177 301 460

57 314 227 358 Denique,
245 314 330 358 quid
345 326 466 358 vesper
483 325 576 346 serus
594 314 708 356 vehat,
725 313 819 346 unde
836 324 972 346 serenas

59 360 193 393 Ventus
210 364 293 402 agat
308 360 429 403 nubes,
446 359 531 403 quid
548 359 677 402 cogitet
694 359 859 391 humidus
876 362 1005 402 auster,

57 405 116 439 Sol
132 405 198 438 tibi
216 406 315 448 signa
332 405 438 438 dabit.
480 404 593 437 Solem
610 405 686 447 quis
703 404 816 437 dicere
832 404 962 437 falsum

57 450 197 483 Audeat
210 450 222 483 2
246 450 306 483 ille
323 450 429 483 etiam
447 461 551 483 caecos
567 449 698 482 instare
714 449 889 482 tumultus

57 495 155 539 Saepe
170 499 298 538 monet,
315 496 543 538 fraudemque
560 498 595 527 et
612 499 732 538 operta
748 498 938 528 tumescere
954 494 1056 529 bella.

58 541 124 573 Ille
141 541 247 574 etiam
264 541 436 574 exstincto
453 541 637 573 miseratus
655 541 785 574 Caesare
803 540 970 574 Romam:

59 586 176 627 Quum
193 590 300 630 caput
317 586 461 619 obscura
476 586 630 618 nitidum
646 586 823 629 ferrugine
841 586 941 628 texit,

57 631 240 675 Impiaque
256 636 423 665 aeternam
439 632 634 664 timuerunt
651 631 777 664 saecula
792 635 938 664 noctem.

57 677 223 720 Tempore
241 689 452 721 quamquam
467 677 528 709 illo
546 677 649 710 tellus
667 688 811 720 quoque,
829 681 864 709 et
881 687 1017 720 aequora
1033 677 1142 720 ponti,

58 721 273 766 Obscenique
290 734 401 765 canes,
418 723 694 765 importunaeque
710 722 866 755 volucres
1107 724 1176 756 470

57 767 165 810 Signa
181 768 320 801 dabant.
363 767 504 808 Quoties
522 767 711 810 Cyclopum
728 767 889 800 effervere
907 767 944 799 in
961 778 1060 810 agros

58 812 218 845 Vidimus
236 813 429 846 undantem
445 812 559 856 ruptis
576 812 773 845 fornacibus
789 812 945 854 AEtnam,

56 857 362 902 Flammarumque
377 858 495 901 globos
511 858 769 901 liquefactaque
785 858 922 890 volvere
939 859 1041 891 saxa!

56 904 241 936 Armorum
257 904 410 936 sonitum
426 907 500 936 toto
518 903 702 936 Germania
719 903 802 936 coelo

56 949 181 982 Audiit
194 961 203 989 3
228 949 376 982 insolitis
394 952 612 982 tremuerunt
628 948 780 981 motibus
797 948 912 992 Alpes.

56 994 134 1027 Vox
152 1005 288 1038 quoque
304 1006 366 1038 per
381 995 476 1027 lucos
493 994 598 1037 vulgo
616 994 782 1027 exaudita
799 994 939 1026 silentes

57 1039 185 1083 Ingens
200 1053 208 1081 ;
233 1044 268 1072 et
285 1040 470 1073 simulacra
485 1040 595 1072 modis
612 1039 781 1083 pallentia
797 1039 893 1071 miris

57 1084 141 1118 Visa
157 1085 220 1118 sub
237 1085 422 1118 obscurum
437 1085 549 1118 noctis
563 1097 571 1126 ;
596 1085 813 1129 pecudesque
830 1085 954 1117 locutae
968 1095 979 1125 3

56 1130 270 1164 Infandum!
297 1131 426 1163 sistunt
443 1142 570 1173 amnes,
588 1134 756 1174 terraeque
769 1130 968 1172 dehiscunt,

55 1175 103 1208 Et
118 1180 279 1209 maestum
294 1176 482 1209 illacrimat
499 1176 638 1220 templis
655 1176 748 1218 ebur,
767 1187 904 1218 aeraque
922 1175 1059 1209 sudant.
1105 1178 1173 1208 480

55 1220 191 1254 Proluit
207 1221 328 1254 insano
346 1226 573 1265 contorquens
591 1222 719 1255 vertice
736 1222 840 1254 silvas

55 1265 259 1299 Fluviorum
275 1278 338 1300 rex
354 1267 537 1309 Eridanus,
555 1278 761 1310 camposque
777 1278 839 1310 per
856 1277 972 1299 omnes

56 1311 143 1344 Cum
160 1312 306 1345 stabulis
323 1316 481 1345 armenta
497 1313 591 1345 tulit.
631 1313 704 1345 Nec
722 1316 876 1355 tempore
893 1312 1013 1344 eodem

55 1356 225 1390 Tristibus
242 1361 305 1390 aut
322 1357 412 1400 extis
428 1357 521 1391 fibrae
539 1369 703 1401 apparere
719 1357 880 1399 minaces,

54 1402 128 1435 Aut
144 1402 259 1446 puteis
275 1414 417 1435 manare
434 1414 534 1435 cruor
550 1403 695 1435 cessavit
709 1415 718 1443 3
743 1406 778 1435 et
795 1402 874 1435 altae

54 1446 122 1481 Per
137 1452 274 1481 noctem
289 1459 448 1481 resonare
464 1448 556 1492 lupis
573 1448 792 1481 ululantibus
809 1447 921 1481 urbes.

54 1492 89 1526 N
89 1504 133 1526 on
150 1493 235 1526 alias
253 1493 337 1526 coelo
355 1493 553 1526 ceciderunt
570 1493 672 1537 plura
688 1504 806 1526 sereno

55 1537 234 1581 Fulgura,
226 1551 234 1558 ·
258 1550 322 1572 nec
338 1539 406 1571 diri
422 1539 524 1571 tot-ies
541 1550 652 1572 arsere
670 1542 820 1572 cometae.

54 1583 146 1627 Ergo
162 1584 255 1617 inter
271 1595 342 1617 sese
359 1584 499 1628 paribus
517 1595 716 1617 concurrere
733 1584 812 1617 telis

56 1628 228 1662 Romanas
245 1630 335 1662 acies
352 1630 482 1662 iterum
498 1630 614 1663 videre
632 1630 811 1673 Philippi;
1102 1631 1172 1662 490

0 1691 1 1695 =
55 1674 89 1707 N
90 1685 128 1707 ec
144 1674 214 1707 fuit
230 1674 416 1718 indignum
433 1675 575 1718 superis,
592 1675 645 1707 bis
662 1675 831 1718 sanguine
848 1677 964 1707 nostro

55 1719 256 1753 Emathiam
272 1724 307 1753 et
323 1720 411 1754 latos
429 1720 545 1753 Haemi
561 1720 785 1764 pinguescere
802 1731 948 1763 campos.
