1345 1927
450 77 689 112 BUCOLICA.
738 44 832 110 FiCL.
858 75 899 110 X.
1189 75 1233 107 23

144 157 248 191 Mum.
273 156 400 190 Desine
416 155 528 200 plura,
545 166 641 199 puer,
659 157 704 198 et,
721 153 813 198 quod
829 164 924 186 nunc
940 152 1060 195 instat,
1079 147 1223 195 agamus

113 203 275 238 Carmina
290 206 367 235 tum
383 201 517 244 111611115,
535 211 644 245 quum
660 199 795 234 venerit
811 199 895 242 ipse,
913 209 1084 231 canemus.

427 298 608 333 ECLOGA
632 298 672 332 X.
722 296 909 331 GALLUS.

156 379 372 413 Emmmx
389 379 493 422 hunc,
507 379 691 422 Arethusa,
707 379 796 412 mihi
813 378 960 411 concede
976 377 1137 411 laborem.

109 423 228 458 Pauca.
243 436 318 458 meo
336 425 443 467 Gallo,
462 425 520 458 sed
538 436 613 469 quae
631 425 752 468 legat
742 436 817 468 ipsa
834 424 983 467 Lycmis,

110 470 271 504 Carmina
288 474 369 503 sunt
387 471 541 504 dicenda.
582 470 696 513 Neget
713 470 789 513 quis
807 470 961 502 carmina
979 468 1104 503 Gallos?

109 515 166 549 Sic
182 516 257 559 tibi,
275 527 383 559 quum
400 516 527 549 fluct-us
547 516 663 549 subter
666 516 779 548 labe1e
796 515 946 557 Sicanos,

107 560 209 594 Doris
225 573 343 594 amara
360 573 457 594 suam
475 573 544 594 non
561 562 794 594 intermisceat
812 561 951 594 undam.

109 606 249 650 Incipe3
275 607 437 640 sollicitos
456 607 547 640 Galli
564 608 720 640 dicamus
737 618 877 649 amores,

106 651 201 685 Dum
219 657 338 685 tenera
355 653 540 686 attondent
558 653 652 686 simae
670 652 823 695 virgulta
841 651 991 696 capellae.

106 697 185 731 Non
203 699 360 731 canimus
378 698 488 731 surdis
503 711 511 738 3
535 699 745 742 respondent
761 698 877 730 omnia
895 698 1001 730 silvae.

154 744 239 785 Quae
256 755 403 786 nemora,
422 749 484 776 aut
501 744 561 787 qui
578 755 636 776 vos
655 744 764 776 saltus
781 743 940 785 habuere,
959 742 1086 787 puellae

105 788 246 833 Naides,
263 789 406 831 indigno
425 800 533 832 quum
551 789 670 822 Gallus
687 800 801 822 amore
818 789 945 832 periret
960 789 971 821 ’.ἲ
1183 789 1225 821 10

104 833 195 868 Nam
212 846 323 878 neque
341 835 484 867 Parnasi
501 835 596 867 vobis
608 836 705 878 juga,
722 846 804 867 nam
820 845 934 877 neque
951 833 1056 867 Pindi

104 879 187 913 Ulla
202 892 333 914 moram
349 881 469 923 fecere,
486 892 599 924 neque
616 880 726 913 Aonie
742 880 935 924 Aganippe.

104 925 212 959 Illum
229 927 334 959 etiam
351 926 450 968 lauri,
468 926 574 959 etiam
590 926 713 959 flevere
729 926 889 969 myricae;

103 970 237 1005 Pinifer
253 972 354 1005 illum
371 972 476 1005 etiam
494 972 564 1005 sola
582 971 644 1005 sub
661 983 746 1015 rupe
759 972 935 1015 jacentem

102 1015 275 1051 Maenalus
293 1021 327 1050 et
343 1018 449 1061 gelidi
465 1018 636 1051 fleverunt
654 1028 737 1050 saxa
754 1017 869 1061 Lyeaei
883 1029 891 1058 ;

102 1062 206 1096 Stant
223 1068 258 1096 et
274 1074 352 1096 oves
370 1063 509 1106 circum,
525 1063 636 1096 nostri
652 1074 715 1096 nec
732 1063 878 1106 poenitet
895 1062 972 1096 illas
982 1073 992 1103 3

101 1107 136 1141 N
137 1120 174 1142 ec
192 1113 227 1142 te
244 1109 413 1153 poeniteat
429 1109 569 1153 pecoriS,
588 1109 705 1142 divine
721 1109 846 1152 poeta:

100 1153 148 1187 Et
164 1155 332 1188 formosus
349 1166 427 1188 oves
444 1155 488 1187 ad
505 1155 650 1187 flumina
665 1155 764 1199 pavit
780 1153 921 1188 Adonis.

101 1199 208 1233 Venit
225 1204 260 1233 et
275 1200 385 1244 upilio
399 1213 408 1241 ;
433 1201 525 1233 tardi
541 1211 665 1233 venere
680 1200 823 1233 bubulci
838 1212 846 1240 ;

104 1245 235 1279 Uvidus
252 1245 397 1279 hiberna
413 1246 508 1279 venit
527 1246 569 1279 de
585 1246 713 1288 glande
730 1246 917 1280 Menalcas.
1173 1247 1219 1279 20

102 1291 237 1334 Omnes,
255 1291 383 1325 “Unde
399 1302 494 1324 amor
511 1292 606 1333 iste,’'
623 1296 758 1334 rogant,
778 1291 872 1323 “tibi
888 1291 923 1323 ’.Ψ
949 1291 1054 1323 Venit
1073 1291 1214 1335 Apollo;

103 1338 121 1353 “
134 1337 240 1379 Galle,
258 1336 345 1379 quid
361 1337 492 1369 insa-nis
505 1336 539 1370 2³⁷
564 1337 680 1380 inquit
695 1349 703 1377 3
729 1337 747 1354 ‘⁶
760 1340 823 1369 tua
839 1347 922 1369 cura
937 1335 1076 1379 Lycoris

103 1382 236 1424 Perque
253 1382 350 1415 nives
360 1382 475 1415 ‘alium
491 1393 620 1432 perque
637 1381 776 1414 horrida
793 1385 905 1414 castra
922 1384 1040 1415 secuta
1057 1380 1140 1415 est.”

101 1426 208 1460 Venit
224 1431 259 1460 et
277 1427 405 1469 agresti
422 1427 545 1470 capitis
563 1426 724 1460 Silvanus
741 1426 880 1470 honore,

99 1472 279 1506 Florentes
295 1472 424 1507 ferulas
441 1476 476 1505 et
493 1472 640 1516 grandia
655 1471 732 1505 lilia
749 1483 924 1515 quassans.

98 1517 184 1562 Pan,
202 1518 286 1551 deus
303 1517 470 1561 Arcadiae,
488 1517 593 1560 venit,
601 1528 714 1570 quem
730 1517 907 1550 vidimus
897 1517 965 1562 lpsi

98 1564 304 1607 Sanguineis
322 1563 440 1596 ebuli*
435 1563 546 1596 naccis
561 1563 742 1622 minioque
752 1564 942 1597 rubentem.

97 1611 114 1627 ‘·
126 1609 253 1652 Ecquis
270 1609 336 1641 erit
351 1607 472 1640 modus
488 1606 522 1640 '3’'
547 1607 674 1650 inquit.
724 1606 858 1639 “Amor
873 1617 942 1638 non
959 1603 1045 1638 talia
1061 1606 1170 1638 curat.

97 1655 130 1688 N
132 1666 171 1688 ec
186 1654 336 1687 lacrimis
353 1653 501 1686 crudelis
518 1653 633 1694 Amor,
650 1663 715 1685 nec
732 1652 891 1694 gramina
906 1651 998 1693 rivis,

98 1700 171 1733 Nec
187 1700 296 1744 cytiso
313 1703 515 1732 saturantur
531 1709 620 1742 apes,
638 1708 703 1730 nec
720 1697 841 1730 fronde
857 1696 1031 1740 capellae?

99 1745 221 1780 Tristis
237 1749 275 1780 at
289 1745 372 1780 ille:
397 1745 416 1763 “
429 1744 558 1778 Tamen
575 1742 772 1788 cantabitis,
789 1741 970 1786 Axcades?
987 1741 1114 1786 inquit,
