1345 1927
312 151 647 188 P.V1RG1L11
695 150 976 185 MARONIS

223 285 1064 344 AENEIDOS

404 433 570 466 LIBER
602 433 893 468 SECUNDUS.

561 524 731 533 uwvvnmvws

95 587 329 621 Ooumcumffl
348 600 473 631 omnes
492 590 688 634 intentique
706 601 764 623 ora
781 589 956 624 tenebant.

95 633 185 667 Inde
202 638 275 666 toro
292 637 391 677 pater
407 635 535 668 AEneas
553 636 600 668 sic
618 647 712 669 orsus
730 635 773 668 ab
791 635 862 668 alto
877 647 884 668 :

143 679 162 695 ‘⁶
184 679 380 720 Infandum,
401 680 544 721 Regina,
559 679 661 721 jubes
679 691 845 713 renovare
864 677 1027 720 dolorem,

94 722 258 765 Trojanas
275 726 316 754 ut
333 733 412 765 opes
431 726 465 755 et
482 722 704 755 lamentabile
721 733 868 765 regnum

94 767 258 800 Eruorint
275 767 389 800 Danai
403 780 412 808 ;
438 779 585 811 quaeque
601 768 674 811 ipse
690 767 882 800 miseirima
898 766 982 809 vidi,

94 813 141 846 Et
158 824 303 855 quorum
320 824 399 856 pars
414 824 543 856 magna
559 814 621 846 fui.
670 813 754 853 Quis
773 813 859 845 talia
875 812 981 845 fando

94 858 364 901 Myrmidonum,
382 858 608 902 Dolopumve,
627 862 689 891 aut
707 858 784 890 duri
801 858 900 890 miles
919 857 1025 900 Ulixi,

94 903 275 947 Temperet
292 915 312 937 a
329 903 479 936 lacrimis
495 907 501 938 1
529 908 564 937 et
575 905 651 947 jam
668 915 737 936 nox
755 903 900 936 humida
917 903 1001 936 coelo

95 949 306 993 Praecipitat,
325 949 541 993 suadentque
559 949 719 982 cadentia
736 949 849 983 sidera
866 960 1010 983 somnos

95 994 162 1028 Sed.
179 995 208 1028 si
224 998 343 1028 tantus
361 1006 456 1028 amor
473 1006 570 1028 casus
588 1006 790 1038 cognoscere
808 998 950 1037 nostros,
1175 996 1214 1027 lO

95 1040 141 1074 Et
157 1040 307 1074 breviter
324 1040 434 1092 Trojae
452 1052 652 1093 supremum
669 1040 789 1074 audire
806 1040 967 1082 laborem,

97 1087 303 1129 Quanquam
319 1086 455 1119 animus
472 1086 668 1120 meminisse
685 1086 802 1119 hon-et
820 1086 989 1130 luctuque
1005 1086 1146 1129 refugit,

97 1132 277 1175 Incipiam.
326 1132 443 1165 Fracti
460 1131 549 1165 bello
565 1132 717 1175 fatisque
733 1132 864 1175 repulsi

96 1177 265 1211 Ductores
281 1178 453 1220 Danaum,
472 1182 524 1211 tot
537 1179 612 1221 jam
629 1177 827 1211 labentibus
844 1177 955 1220 annis,

97 1223 213 1256 Instar
229 1223 356 1256 montis
373 1234 501 1266 equum
518 1223 638 1257 divina
655 1223 808 1256 Palladis
825 1227 901 1256 arte

97 1269 297 1311 AEdificant,
313 1273 475 1312 sectaque
492 1269 658 1302 intexunt
675 1268 788 1302 abiete
806 1272 926 1302 costas.

99 1314 229 1347 Votum
245 1325 306 1357 pro
322 1314 439 1347 reditu
456 1314 623 1347 simulant
639 1326 647 1354 ;
673 1325 712 1347 ea
729 1314 824 1347 fama
841 1317 1000 1357 vagatur.

100 1360 181 1392 Huc
199 1359 333 1393 delecta
350 1359 464 1393 virum
481 1360 594 1393 sortiti
611 1370 752 1403 corpora
769 1359 893 1392 furtim

100 1405 293 1439 Includunt
309 1416 398 1438 caeco
416 1405 526 1448 lateri,
545 1405 754 1448 penitusque
772 1416 935 1438 cavernas

100 1451 265 1494 Ingentes
281 1454 490 1494 uterumque
507 1454 639 1484 armato
655 1451 768 1483 milite
785 1451 969 1494 complent.
1172 1453 1216 1484 20

147 1494 241 1527 “Est
257 1494 295 1527 in
312 1499 501 1539 conspectu
519 1496 683 1536 Tenedos,
701 1497 882 1529 notissima
899 1496 993 1529 fama.

101 1542 231 1585 Insula,
248 1541 343 1575 dives
360 1552 475 1585 opum,
493 1540 624 1574 Priami
641 1541 724 1573 dum
741 1551 848 1583 regna
865 1539 1063 1583 manebant,

101 1588 204 1621 Nunc
220 1591 361 1621 tantum
379 1587 473 1619 sinus
491 1590 526 1619 et
543 1586 646 1620 statio
662 1586 753 1619 male
770 1586 841 1618 fida
858 1585 984 1619 carinis
998 1597 1005 1620 :

102 1633 183 1666 Huc
200 1644 234 1666 se
251 1633 406 1676 provecti
423 1632 556 1665 deserto
573 1632 610 1664 iu
627 1632 727 1664 litore
745 1631 909 1664 condunt.

101 1678 172 1712 Nos
188 1678 312 1712 abiisse
328 1678 405 1721 rati,
424 1681 459 1711 et
476 1681 579 1710 vento
596 1677 735 1721 petiisse
752 1677 928 1720 Mycenas.

103 1724 194 1769 Ergo
210 1724 320 1758 onmis
336 1724 438 1768 longo
456 1723 559 1757 solvit
576 1734 611 1757 se
627 1722 773 1756 Teucria
788 1723 899 1758 luctu.
