1345 1927
101 48 169 80 388
408 45 446 79 Ρ.
472 45 678 79 VIRGILII
703 46 919 80 MARONIS

102 112 220 154 Quum
235 111 321 145 levis
337 111 472 145 alterno
489 111 659 156 zephyrus
676 111 875 146 concrebuit
891 123 983 156 euro,

100 157 148 191 Et
165 169 272 202 prono
289 157 473 201 gravidum
491 158 650 201 provexit
667 158 817 202 pondere
834 169 983 193 currum.

102 203 203 237 Felix
220 203 280 236 ille
297 203 379 246 dies,
397 203 484 236 felix
502 208 537 236 et
554 203 683 236 dicitur
700 215 823 246 annus,

101 249 244 291 Felices,
262 249 323 293 qui
340 249 448 282 talem
464 260 596 282 annum
614 249 740 292 videre,
758 249 927 293 diemque.

101 295 194 338 Ergo
211 294 376 328 Palladiae
395 299 565 328 texuntur
581 294 618 327 in
636 295 755 328 ordine
772 306 916 339 pugnae:

102 340 234 384 Magna
252 341 432 384 Giganteis
449 345 618 373 ornantur
635 341 737 385 pepla
754 341 912 385 tropaeis3

102 386 256 420 Horrida
273 387 462 430 sanguineo
480 387 675 430 pinguntur
693 387 814 430 proelia
831 398 952 429 cocco3

102 432 256 465 Additur
272 437 396 466 aurata
413 432 567 475 dejectus
584 433 726 476 cuspide
743 432 874 476 Typho,

103 478 171 518 Qui
189 479 295 522 prius,
314 478 437 511 Ossaeis
455 484 676 511 consternens
693 478 821 511 aethera
839 479 941 522 saxis,

102 523 266 557 Emathio
283 524 413 557 celsum
431 523 632 567 duplicabat
649 523 778 556 vertice
796 524 994 568 Olympum.

101 569 185 603 Tale
202 570 274 602 deae
292 569 408 602 velum
426 569 570 602 solemni
585 568 623 601 in
640 572 793 612 tempore
809 574 968 613 portant:

102 615 179 648 Tali
195 620 231 648 te
248 615 382 657 vellem,
395 616 567 658 juvenum
584 614 789 657 doctissime,
805 615 878 649 ritu

103 660 298 705 Purpureos
315 661 406 694 inter
424 661 509 694 soles
526 666 561 694 et
577 660 726 693 candida
742 660 835 694 lunae

103 707 233 749 Sidera,
251 707 407 740 caeruleis
424 706 539 740 orbem
555 706 734 750 pulsantia
750 706 848 750 bigis,

104 753 250 786 Naturae
266 764 383 786 rerum
399 753 536 796 magnis
553 753 710 785 intexere
727 752 876 794 chartis,
868 765 875 773 ·

103 799 288 832 AEternum
305 798 442 842 Sophiae
460 799 688 841 conjunctum
705 799 858 832 carmine
874 810 1000 832 nomen

103 844 231 878 Nostra
247 850 351 877 tuum
367 844 507 877 senibus
524 844 725 887 loqueretur
741 845 870 888 pagina
887 845 1006 878 saeclis.

105 890 172 923 Sed
190 891 354 934 quoniam
370 890 415 923 ad
432 894 550 923 tantas
566 901 661 923 nune
678 890 830 934 primum
847 891 1023 924 nascimur
1039 895 1141 934 arim,

103 935 137 969 N
139 947 208 969 unc
225 936 379 988 primum
395 941 529 969 teneros
546 936 724 969 firmamus
740 935 858 969 robore
875 947 1015 970 nervos:

104 981 192 1015 Haec
209 986 328 1015 tamen
344 982 487 1023 interea,
505 993 582 1025 quae
599 993 790 1025 possumus,
807 982 844 1015 in
862 982 988 1026 quibus
1005 982 1069 1016 aevi

104 1027 223 1060 Prima
238 1027 438 1060 rudimenta
455 1032 490 1060 et
506 1027 636 1071 primos
652 1028 831 1070 exegimus
848 1039 966 1072 annos,

104 1073 234 1117 Accipe
251 1073 350 1116 dona,
367 1084 444 1106 meo
460 1073 614 1106 muitum
630 1073 777 1116 vigilata
793 1073 918 1116 labore,

105 1118 152 1152 Et
168 1119 345 1163 praemissa
362 1119 433 1151 tuis
449 1130 519 1152 non
535 1129 660 1162 magna
668 1101 823 1152 ”exordia
838 1119 958 1153 rebus:

106 1131 221 1209 ImJPJia
237 1164 403 1209 prodigiis
420 1169 461 1198 ut
478 1165 653 1216 quondam
670 1165 840 1198 exterruit
858 1165 984 1210 amplis

105 1209 232 1254 Scylla,
249 1221 423 1262 novosque
440 1211 558 1243 avium
576 1210 759 1243 sublimis'
749 1222 787 1243 m
803 1212 884 1244 aere
901 1215 1010 1244 coetus

105 1255 253 1299 Viderit,
271 1261 306 1290 et
323 1256 421 1290 tenui
439 1256 670 1290 conscendens
688 1256 799 1290 sidera
815 1268 932 1300 penna

107 1302 269 1336 Caeruleis
286 1313 349 1336 sua
366 1306 460 1335 tecta
477 1302 779 1346 supervolitaverit
795 1303 873 1344 alis,

106 1347 210 1382 Hanc
227 1359 288 1392 pro
305 1359 479 1400 purpureo
496 1359 635 1392 poenam
652 1348 818 1382 scelerata
835 1348 970 1392 capillo,

106 1393 242 1438 Proque
258 1394 367 1438 patris
384 1394 518 1427 solvens
535 1394 651 1427 excisa
667 1394 828 1427 funditus
845 1394 938 1428 urbe.

107 1439 307 1484 Complures
324 1439 422 1472 illam
439 1444 474 1472 et
489 1440 618 1483 magni,
636 1439 795 1482 Messala,
813 1441 974 1484 poetae-—

106 1484 199 1519 Nam
215 1496 337 1519 verum
353 1486 546 1519 fateamur:
572 1490 667 1518 amat
685 1485 918 1529 Polyhymnia
935 1497 1104 1519 verum—-

105 1530 225 1574 Longe
242 1531 312 1564 alia
328 1530 513 1583 perhibent
529 1536 702 1564 mutatam
719 1531 873 1565 membra
889 1532 1012 1575 figura,

107 1575 174 1620 Scy
176 1576 294 1609 llaeum
310 1581 466 1610 monstra
482 1576 519 1609 in
536 1588 660 1610 saxum
677 1588 840 1610 conversa
856 1577 991 1618 vocari3

107 1621 216 1655 Illam
232 1633 313 1663 esse,
331 1622 495 1655 aerumnis
512 1634 616 1666 quam
634 1634 725 1667 saepe
742 1622 898 1666 legamus
915 1622 1013 1656 Ulixi

108 1667 266 1701 Candida
282 1668 496 1701 succinctam
511 1668 748 1702 latrantibus'
739 1669 886 1712 unguina
901 1668 1064 1702 monstris

107 1711 291 1749 Dulichias
307 1724 450 1747 vexasse
465 1718 567 1758 rates,
585 1719 620 1748 et
636 1714 775 1758 gurgite
791 1715 828 1748 111
845 1714 916 1749 alto

1176 343 1220 374 30

1177 801 1223 831 40

1179 1258 1224 1289 50
