1345 1927
117 82 181 114 164
437 80 474 114 Ρ.
501 80 706 115 VIRGILII
731 80 946 116 MARONIS

114 147 216 191 Troja
232 158 292 191 per
309 147 481 180 undosum
497 151 674 191 peteretur
691 148 857 181 classibus
875 148 1017 192 aequor?

114 192 216 226 Mene
233 193 326 236 fugis
341 193 352 226 3
379 193 444 226 Per
457 205 520 237 ego
533 193 594 226 has
612 193 770 227 lacrimas
788 194 1016 238 dextramque
1029 198 1128 228 tuam
1141 199 1233 239 te,—

115 238 176 279 Qu·
171 239 260 272 indo
278 239 374 272 aliud
391 239 478 272 mihi
490 241 565 283 jam
581 239 713 273 miserm
731 240 846 272 nihil
838 252 911 284 ipsa
928 240 1112 284 reliqui,—

114 284 180 318 Per
197 284 370 318 connubia
386 290 511 327 nostra,
530 296 590 329 pel
606 286 761 330 inceptos
779 286 984 329 hymenaeos,

114 330 150 363 Si
167 330 253 364 bene
271 331 355 374 quid
373 331 415 364 de
433 335 467 364 te
484 331 604 371 Πιοιυί,
622 332 691 364 fuit
709 336 771 364 aut
789 331 852 364 tibi
872 332 1065 375 quidquam

113 376 225 410 Dulce
242 388 380 410 meum:
406 377 564 410 miserere
583 359 703 410 (lomus
722 377 880 420 Immitis,
899 382 934 411 et
951 378 1065 420 istam,

115 422 192 466 Oro,
209 422 237 455 si
255 422 356 466 quis
348 422 463 455 adhuc
481 422 641 466 precibus
658 423 762 465 locus,
781 435 869 456 exue
886 428 1048 457 mentem.

114 467 161 501 Te
178 472 319 512 proptel
336 468 512 510 Libye-‘Q
493 473 610 501 nentes
629 469 893 512 Nomadumque
912 469 1053 513 tyranni
1165 470 1234 503 320

115 514 248 554 Odere;
273 514 402 546 infensi
419 514 538 557 Tyrii3
564 518 599 547 te
616 519 756 558 propter
773 515 922 548 eundem

114 558 321 593 Exstinetus
338 559 459 603 pud01,
477 563 522 602 et,
540 571 610 603 qua
626 560 698 593 sola
715 560 827 593 sidera
843 561 991 604 adibam,

114 605 224 639 Fama
240 606 333 649 prior
347 617 353 639 :
379 605 436 638 cui
453 616 508 638 me
524 605 766 638 moribundam
784 606 920 649 deseris,
938 607 1060 651 hospes
1074 606 1087 641 7

115 651 192 684 Hoc
210 652 320 685 solum
338 662 464 684 nomen
481 651 646 694 quoniam
663 651 706 684 de
723 652 870 695 conjuge
887 657 1004 686 restat.

116 697 207 738 Quid
224 708 336 730 moror
350 696 362 731 ’ἔ
387 709 433 730 an
449 708 526 730 mea
544 696 750 740 Pygmalion
767 697 852 730 dum
868 698 997 731 moenia
1012 698 1121 732 frater

114 743 290 785 Destruat,
309 747 372 776 aut
389 747 528 787 captam
545 743 651 776 ducat
669 743 826 777 Gaetulus
845 743 963 777 Iarbas
977 743 990 777 Ἰ

116 789 247 822 Saltem
265 790 292 821 si
311 800 380 832 qua
396 789 484 821 mihi
502 789 544 821 de
562 793 597 822 te
614 794 774 833 suscepta
790 789 914 823 fuisset

114 835 207 868 Ante
224 835 345 878 fugam
363 834 496 868 suboles
512 847 519 874 ;
545 835 573 867 si
591 835 667 878 quis
683 835 771 868 mihi
788 835 955 879 parvulus
972 835 1054 870 aula

115 880 266 914 Luderet
283 881 422 923 AEneas,
441 881 499 924 qui
518 885 552 913 te
570 885 687 913 tamen
705 892 761 914 ore
777 882 931 923 referret,

115 926 194 960 Non
211 927 371 970 equidem
388 927 528 960 omnino
546 931 649 970 capta
666 938 705 960 ae
723 927 857 960 deserta
874 925 1037 961 viderer.”
1167 929 1235 961 330

162 973 317 1006 Dixerat.
369 973 434 1005 Ille
451 973 476 1006 J
479 972 550 1005 ovis
567 973 708 1006 monitis
726 973 870 1006 immota
887 973 1028 1007 tenebat

116 1018 275 1061 Lumina,
293 1025 328 1051 et
345 1018 493 1051 obnixus
511 1029 629 1051 euram
648 1018 711 1051 sub
729 1018 829 1051 eorde
847 1019 1034 1062 premebat.

116 1064 270 1097 Tandem
288 1075 399 1108 pauca
416 1064 542 1097 refert:
571 1065 674 1107 “Ego
692 1067 736 1105 te,
754 1075 829 1107 qum
848 1064 1000 1107 plurima
1015 1064 1122 1098 fando

115 1110 329 1143 Enumerare
346 1110 448 1152 vales,
466 1121 659 1153 nunquam,
679 1109 823 1152 Regina,
841 1108 973 1152 negabo

116 1155 344 1189 Promeritam
360 1168 367 1197 3
392 1167 455 1189 nee
472 1167 528 1189 me
544 1155 740 1188 meminisse
758 1154 891 1198 pigebit
909 1155 1039 1198 Elissae,

116 1201 211 1235 Dum
227 1213 357 1234 memor
372 1201 445 1245 ipse
462 1201 539 1244 mei,
557 1201 642 1234 dum
659 1201 800 1244 spiritus
818 1200 879 1233 hos
895 1201 986 1243 regit
1003 1204 1109 1234 artus.

117 1247 183 1281 Pro
200 1259 236 1281 re
253 1259 365 1291 pauca
382 1248 513 1290 loquar.
562 1246 684 1290 Neque
701 1257 764 1289 ego
781 1247 871 1279 hanc
888 1246 1096 1280 abscondere
1112 1246 1207 1280 furto

116 1293 269 1338 Speravi,
286 1305 330 1326 ne
346 1293 449 1337 finge,
466 1293 588 1336 fugam
602 1305 610 1333 ;
634 1303 698 1324 nec
716 1293 873 1336 conjugis
889 1303 1047 1336 unquam

117 1339 292 1373 Praetendi
309 1339 427 1381 taedas,
446 1343 508 1372 aut
526 1339 600 1371 haee
618 1338 654 1371 in
671 1338 802 1371 foedera
819 1338 907 1372 veni.

115 1385 175 1419 Me
193 1385 221 1418 si
237 1386 312 1419 fata
328 1385 413 1418 meis
431 1389 634 1429 paterentur
650 1384 774 1417 ducere
792 1384 902 1417 vitam
1167 1384 1237 1417 340

116 1431 299 1475 Auspiciis,
317 1435 353 1464 et
370 1435 491 1475 sponte
507 1442 584 1464 mea
601 1441 802 1473 componere
820 1441 930 1473 curas,

117 1478 246 1510 Urbem
263 1478 447 1521 Trojanam
464 1477 616 1520 primum
633 1476 820 1519 dulcesque
836 1487 991 1509 meorum

117 1523 295 1566 Reliquias
313 1523 459 1556 colerem
474 1534 482 1563 ;
507 1522 638 1555 Priami
655 1526 749 1555 tecta
766 1521 839 1555 alta
855 1523 1045 1564 manerent,

115 1569 163 1602 Et
179 1569 332 1602 recidiva
347 1580 455 1601 manu
472 1568 661 1612 posuissem
677 1567 847 1611 Pergama
863 1567 974 1601 vietis.

116 1615 183 1648 Sed
200 1626 294 1648 nuno
312 1614 454 1648 Italiam
469 1625 634 1657 magnam
652 1614 808 1657 Gryneus
825 1613 960 1658 Apollo,

117 1661 258 1694 Italiam
275 1660 389 1704 Lyoiae
402 1661 535 1703 jussere
552 1671 726 1703 capessere
744 1663 858 1692 sortes.

117 1706 186 1739 Hic
203 1718 308 1749 amor,
326 1706 399 1739 haec
416 1705 530 1749 patria
547 1710 608 1738 est.
650 1705 686 1738 Si
704 1709 738 1738 te
756 1704 976 1747 Carthaginis
993 1714 1099 1747 arces,

116 1751 344 1796 Phoenissam,
361 1751 570 1795 Libycaeque
587 1755 747 1795 aspectus
765 1751 899 1784 detinet
916 1749 1022 1792 urbis,
