1345 1927
147 77 216 111 280
451 73 489 108 Ρ.
515 72 718 107 VIRGILII
744 70 958 106 MARONIS

148 142 241 175 Vina
256 141 362 175 refert
378 141 526 174 moriens
540 153 548 181 ;
572 140 629 173 hic
646 140 741 172 furto
757 138 911 172 fervidus
928 138 1047 170 instat.
1195 135 1263 169 350

146 187 299 231 Jamque
315 186 360 220 ad
378 186 529 229 Messapi
545 185 651 218 socios
668 184 844 227 tendebat,
862 183 922 216 ubi
938 183 1056 226 ignem

145 232 300 266 Deficere
317 237 521 273 extremum,
540 236 574 264 et
591 231 754 273 religatos
771 230 837 262 rite
854 228 996 262 videbat

146 277 292 322 Carpere
307 288 450 321 gramen
467 287 573 320 equos
587 289 593 309 :
618 276 768 309 breviter
785 286 864 308 cum
881 273 968 307 talia
983 273 1147 316 Nisus,—

145 322 260 358 Sensit
277 323 370 357 enim
386 323 494 356 nimia
511 322 604 356 caede
620 327 725 364 atque
742 320 904 364 cupidine
920 319 1051 352 ferri—

144 368 162 384 “
177 367 423 408 Absistamus‚’⁷
441 367 491 400 ait
507 378 514 399 z
540 368 558 383 ‘⁶
570 376 651 398 nam
665 368 728 398 lux
744 365 886 398 inimica
904 363 1124 407 propinquat.

144 412 333 446 Poenarum
351 411 560 445 exhaustum
578 411 660 444 satis
677 416 729 443 est
746 423 754 450 ;
780 410 835 443 via
853 410 946 442 facta
963 420 1024 452 per
1041 407 1191 442 hostes.'’

143 457 261 491 Multa
277 458 391 491 virum
409 457 516 490 solido
533 460 676 500 argento
694 456 847 500 perfecta
862 454 1068 498 relinquunt

143 504 330 546 Armaque,
348 507 567 546 craterasque
585 501 697 543 simul,
715 500 945 545 pulchrosque
962 504 1108 544 tapetas.

142 548 316 593 Euryalus
333 548 492 592 phaleras
511 547 716 580 Rhamnetis
733 552 768 579 et
784 557 890 579 aurea
905 545 1011 579 bullis

143 594 301 638 Cingula,
319 594 456 627 Tiburti
474 592 619 626 Remulo
637 592 828 625 ditissimus
845 591 928 625 olim
1193 591 1261 624 360

143 640 227 681 Quae
243 640 356 673 mittit
372 639 472 682 dona,
489 638 640 682 hospitio
657 649 766 682 quum
777 638 944 681 jungeret
959 635 1091 680 absens,

143 685 299 719 Caedicus
314 698 323 726 ;
348 684 407 718 isse
425 696 486 718 suo
502 685 651 718 moriens
668 684 729 716 dat
746 682 872 717 habere
888 682 1008 726 nepoti
1022 694 1032 723 3

141 730 224 765 Post
241 735 387 765 mortem
403 730 494 764 bello
513 729 638 763 Rutuli
655 740 843 773 pugnaque
860 728 984 772 potiti:

141 776 228 810 Haec
243 777 345 821 rapit,
363 781 468 820 atque
485 775 637 809 humeris
654 775 892 818 nequidquam
908 773 1057 808 fortibus
1072 775 1182 817 aptat.

140 822 231 856 Tum
247 822 383 866 galeam
400 821 551 866 Messapi
568 820 719 854 habilem
736 820 917 864 cristisque
934 819 1093 853 decoram

141 867 272 902 Induit.
320 867 506 901 Excedunt
524 867 654 909 castris,
672 872 708 899 et
724 871 804 899 tuta
820 869 1014 909 capessunt.

186 913 325 948 Interea
341 913 509 958 praemissi
526 912 659 956 equites
677 924 720 946 ex
738 911 821 944 urbe
838 911 974 953 Latina,

139 959 261 993 Cetera
278 959 362 993 dum
378 959 468 1003 legio
486 958 616 1002 campis
633 958 805 991 instructa
821 962 987 1000 moratur,

139 1005 253 1049 Ibant,
271 1009 307 1039 et
323 1005 439 1038 Turno
455 1005 546 1048 regis
562 1014 725 1048 responsa
740 1002 909 1046 ferebant,

136 1051 356 1094 Tercentum,
374 1050 503 1084 scutati
520 1060 637 1083 omnes
655 1049 838 1082 Volscente
854 1048 1030 1092 magistro.
1192 1048 1261 1081 370

136 1097 290 1141 Jamque
306 1095 586 1141 propinquabant
604 1095 734 1137 castris,
751 1105 936 1138 murosque
954 1093 1129 1136 subibant,

137 1142 255 1183 Quum
271 1142 392 1187 procul
409 1141 470 1174 hos
486 1141 574 1174 laevo
589 1140 768 1174 flectentes
785 1140 897 1173 limite
914 1143 1063 1173 cernunt
1076 1151 1086 1180 ;

135 1187 183 1222 Et
199 1188 298 1232 galea
316 1187 510 1231 Euryalum
528 1186 694 1220 sublustri
711 1186 822 1219 noctis
839 1186 876 1218 in
892 1184 1017 1218 umbra

135 1232 294 1267 Prodidit
310 1233 556 1275 immemorem,
572 1232 747 1275 radiisque
764 1232 908 1265 adversa
924 1229 1074 1264 refulsit.

135 1279 243 1313 Haud
261 1284 388 1313 temere
405 1283 457 1312 est
473 1279 595 1313 visum.
635 1277 837 1311 Conclamat
853 1276 897 1311 ab
913 1276 1053 1320 agmine
1070 1274 1236 1309 Volsoens
1251 1286 1259 1309 :

137 1326 157 1340 ‘⁵
171 1323 278 1365 State,
296 1323 361 1356 viri
374 1335 383 1364 ;
408 1333 486 1365 quae
503 1332 607 1354 causa
624 1321 689 1354 viae
704 1321 716 1355 2
741 1322 845 1365 quive
861 1321 943 1354 estis
959 1321 997 1354 in
1013 1320 1119 1354 armis
1137 1322 1149 1354 ζ’

140 1368 257 1410 Quove
273 1368 399 1401 tenetis
416 1368 482 1400 iter
495 1365 527 1399 2⁷⁷
552 1365 651 1398 Nihil
669 1366 722 1399 illi
741 1367 879 1400 tendere
895 1372 1015 1400 contra
1031 1379 1041 1406 ;

134 1412 201 1446 Sed
219 1412 365 1446 celerare
381 1412 504 1456 fugam
520 1412 558 1445 in
575 1412 688 1454 silvas,
706 1416 741 1446 et
757 1412 863 1445 fidere
879 1412 983 1446 nocti.

135 1457 315 1502 Objiciunt
331 1458 464 1502 equites
482 1469 553 1491 sese
569 1457 615 1491 ad
631 1457 782 1491 divortia
797 1461 882 1491 nota

134 1503 228 1536 Hinc
241 1507 347 1547 atque
359 1503 452 1545 hinc,
465 1514 671 1547 omnemque
684 1503 820 1536 abitum
833 1503 976 1537 custode
990 1506 1164 1537 coronant.
1188 1503 1258 1536 380

131 1548 228 1583 Silva
243 1549 323 1593 fuit,
340 1549 411 1583 late
428 1549 542 1582 dumis
559 1553 666 1592 atque
682 1549 762 1583 ilice
777 1549 879 1593 nigra

131 1593 293 1638 Horrida,
311 1606 417 1639 quam
434 1595 531 1628 densi
548 1595 763 1638 complerant
780 1595 936 1639 undique
953 1598 1066 1628 sentes
1081 1606 1090 1635 ;

131 1639 225 1674 Rara
241 1652 302 1684 per
319 1640 470 1674 occultos
487 1640 627 1674 lucebat
643 1641 767 1674 semita
784 1640 898 1674 calles.

130 1684 325 1729 Euryalum
342 1685 491 1719 tenebrae
507 1697 682 1720 ramorum
699 1697 909 1730 onerosaque
925 1685 1046 1730 praeda

131 1730 343 1776 fflpediunt,
360 1731 524 1777 fallitque
541 1732 645 1766 timor
660 1732 801 1776 regione
817 1732 963 1767 viarum.
