1330 1932
380 98 602 133 AENEIDOS
626 98 714 132 LIB.
741 98 822 132 VII.
1107 98 1174 131 247

60 165 200 199 Venatu
216 176 405 208 nemorum,
423 165 519 198 duris
537 165 722 208 AEquicula
738 164 856 208 glebis.

58 210 195 244 Armati
211 214 339 243 terram
356 214 527 253 exercent,
546 221 746 253 semperque
763 213 918 242 recentes

60 255 270 289 Gonvectare
283 256 387 298 juvat
404 255 548 298 praedas,
566 259 602 287 et
618 255 734 287 vivere
750 259 858 298 rapto.
1128 280 1135 283 .

107 301 200 342 Quin
217 304 252 334 et
269 300 448 333 Mas-rubia
465 300 562 333 venit
579 300 621 333 de
638 304 741 343 gente
759 300 922 342 sacerdos,
1107 299 1173 332 750

59 344 195 378 Fronde
212 357 314 389 super
331 345 467 389 galeam
484 349 520 378 et
536 345 630 378 felici
647 349 782 378 comtus
799 345 899 387 oliva,

58 391 229 434 Archippi
244 391 335 434 regis
351 391 470 433 missu,
487 390 695 423 fortissimus
713 390 842 423 Umbro
857 402 864 423 :

59 435 206 480 Vipereo
223 436 341 479 generi
357 440 393 468 et
409 436 563 479 graviter
580 435 792 479 spirantibus
809 435 929 478 hydris

60 480 226 524 Spargere
243 481 304 524 qui
321 492 455 514 somnos
473 485 649 524 cantuque
665 492 840 524 manuque
857 480 997 522 solebat,

60 525 307 570 Mulcebatque
324 527 402 568 iras,
421 530 455 559 et
470 538 603 559 morsus
620 530 695 559 arte
711 526 857 559 levabat.

60 571 126 604 Sed
142 583 212 605 non
229 572 415 605 Dardaniae
431 572 597 604 medicari
615 571 767 615 cuspidis
784 571 894 604 ictum

59 616 223 657 Evaluit3
247 628 359 660 neque
376 628 456 650 eum
468 618 590 660 juvere
606 617 644 649 in
662 617 806 649 vulnera
823 620 946 649 cantus

60 661 253 704 somniferi,
272 667 306 695 et
323 662 448 695 Marsis
466 662 621 705 quaesitae
637 661 813 695 montibus
830 661 952 694 herbae.

60 707 108 740 Te
124 719 245 740 nemus
263 707 451 750 Anguitiae,
468 707 580 740 vitrea
596 711 631 740 te
648 707 802 739 Fucinus
818 706 922 749 unda,

62 752 109 785 Te
126 752 251 796 liquidi
263 752 387 785 flevere
403 753 508 785 lacus.
1108 751 1174 786 760

108 797 187 830 Ibat
204 802 239 830 et
257 797 443 849 Hippolyti
459 797 570 840 proles
586 797 820 841 pulcherrima
836 796 925 829 bello

62 841 213 885 Virbius,
229 842 402 885 insignem
419 853 521 885 quem
536 847 649 875 mater
666 842 783 875 Aricia
799 842 905 884 misit,

61 887 239 920 Eductum
254 887 388 930 Egeriae
405 887 502 930 lucis,
521 887 702 920 humentia
719 888 848 920 circum

61 932 188 975 Litora,
205 933 346 977 pinguis
362 932 424 965 ubi
441 936 477 965 et
493 914 674 976 placabilis
691 944 751 966 ara
767 932 898 965 Dianae.

61 977 220 1021 Namque
235 978 354 1011 ferunt
366 978 461 1011 fama
474 978 717 1021 Hippolytum,
730 982 914 1021 postquam
933 981 1006 1011 arte
1019 989 1174 1011 novercae

63 1023 247 1066 Occiderit,
263 1023 465 1066 patriasque
482 1023 632 1067 explerit
650 1023 818 1066 sanguine
835 1034 954 1066 poenas

62 1068 224 1101 Turbatis
238 1050 428 1102 'distractus
445 1069 552 1112 equis,
569 1069 614 1102 ad
632 1069 743 1102 sidera
758 1080 876 1101 rursus

62 1113 221 1147 AEtheria
237 1117 272 1146 et
289 1125 428 1157 superas
446 1114 523 1147 coeli
541 1114 674 1146 venisse
692 1114 755 1147 sub
772 1125 884 1157 auras,

62 1158 210 1192 Paeoniis
226 1163 427 1192 revocatum
443 1159 558 1191 herbis
575 1163 610 1192 et
627 1170 741 1192 amore
757 1159 888 1193 Dianae.

62 1204 151 1237 Tum
164 1204 268 1237 Pater
281 1205 505 1248 omnipotens,
519 1204 671 1247 aliquem
683 1205 886 1248 indignatus
903 1204 946 1238 ab
960 1204 1090 1238 umbris
1109 1206 1174 1238 770

63 1248 248 1282 Mortalem
263 1249 407 1292 infernis
425 1249 470 1282 ad
487 1249 622 1282 lumina
638 1261 776 1292 surgere
793 1250 885 1292 vitre,

65 1294 144 1338 Ipse
160 1298 366 1338 repertorem
381 1295 562 1327 medicinae
579 1294 661 1327 talis
679 1299 714 1327 et
730 1295 816 1328 artis

64 1339 227 1372 Fulmine
243 1339 492 1382 Phoebigenam
509 1339 648 1383 Stygias
665 1340 814 1373 detrusit
830 1340 868 1372 in
884 1340 1005 1374 undas.

63 1384 112 1417 At
129 1385 246 1418 Trivia
263 1385 497 1428 Hippolytum
514 1385 652 1418 secretis
669 1385 761 1418 alma
776 1386 932 1418 recondit

63 1429 218 1472 Sedibus,
235 1433 271 1463 et
286 1431 449 1474 nymphae
467 1430 602 1473 Egeriae
618 1431 817 1474 nemorique
833 1431 964 1474 relegat
978 1443 986 1465 :

64 1475 164 1509 Solus
180 1475 241 1508 ubi
257 1475 295 1507 in
312 1476 406 1508 silvis
423 1476 524 1508 Italis
540 1475 702 1518 ignobilis
719 1487 833 1509 aevum

64 1520 240 1563 Exigeret,
256 1532 421 1564 versoque
436 1520 498 1553 ubi
513 1521 652 1554 nomine
668 1521 808 1554 Virbius
826 1525 922 1555 esset.

65 1565 165 1599 Unde
182 1566 289 1599 etiam
304 1566 434 1609 templo
451 1566 576 1599 Triviae
593 1566 749 1610 lucisque
766 1567 908 1599 sacratis

66 1611 272 1654 cornipedes
289 1615 451 1644 arcentur
468 1611 548 1655 equi
564 1624 573 1652 ;
598 1612 689 1655 quod
705 1612 806 1644 litore
823 1623 962 1645 currum

66 1656 112 1689 Et
124 1658 289 1699 juvenem
304 1657 467 1689 monstris
483 1657 602 1700 pavidi
618 1656 768 1690 effudere
784 1657 937 1692 marinis.
1110 1658 1175 1692 780

67 1701 177 1734 Filius
193 1701 352 1734 ardentes
369 1701 464 1734 haud
481 1702 590 1735 secius
607 1713 740 1745 aequore
757 1703 870 1745 campi

67 1746 260 1780 Exercebat
277 1758 390 1791 equos,
408 1759 581 1791 curruque
596 1748 635 1781 in
650 1747 742 1782 bella
757 1747 888 1781 ruebat.
