1345 1927
129 73 195 107 178
437 73 474 107 Ρ.
494 73 698 107 VIRGILII
722 75 937 110 MARONIS

128 141 262 185 Totque
281 152 367 184 sues,
386 141 531 175 totidem
548 142 728 186 nigrantes
746 147 844 186 terga
856 144 1025 186 juvencos
1040 155 1049 184 ;

130 187 291 230 Vinaque
307 187 478 220 fundebat
495 189 634 231 pateris,
652 189 877 232 animamque
896 188 1043 222 vocabat

128 232 290 266 Anchisae
306 233 425 276 magni
442 244 629 278 manesque
649 234 845 267 Acheronte
862 234 1031 268 remissos.

127 278 161 312 N
163 290 200 311 ec
217 290 286 312 non
304 283 339 312 et
357 279 447 320 socii,
467 290 545 322 quae
563 279 688 323 cuique
706 285 758 313 est
775 280 883 324 copia,
902 280 976 313 laeti
1186 283 1251 314 100

127 324 228 358 Dona
244 324 372 367 ferunt,
391 329 536 358 onerant
553 336 639 367 aras,
656 330 882 369 mactantque
895 326 1064 368 juvencos
1079 337 1086 360 ε

129 369 258 404 Ordine
275 370 388 404 ahena
405 370 522 404 locant
539 371 609 414 alii,
627 371 766 415 fusique
783 383 844 415 per
861 371 1005 404 herbam

127 415 328 459 Subjiciunt
345 416 483 449 veribus
500 427 639 460 prunas»,
658 421 693 450 et
710 417 842 450 viscera
859 421 1005 451 torrent.

173 462 386 506 Exspectata.
403 462 476 495 dies
492 462 622 503 aderat,
640 474 836 507 nonamque
854 474 974 497 serena

125 507 296 541 Auroram
314 507 546 541 Phaethontis
563 509 644 552 equi
656 509 732 551 jam
748 504 826 542 luce
843 509 1018 542 vehebant
1032 521 1041 550 ;

126 553 303 597 Famaque
320 553 488 586 finitimos
505 557 540 586 et
557 553 642 586 clari
658 565 785 587 nomen
802 554 937 588 Acestae

124 599 288 632 Excierat
303 611 309 632 :
335 599 414 632 laeto
431 599 645 643 complerant
662 599 765 632 litora
781 604 884 642 coetu,

125 644 244 678 Visuri
259 644 445 687 AEneadaS,
463 656 542 688 pars
559 649 594 678 et
612 649 743 678 certare
760 645 884 689 parati.

124 689 273 724 Munera
289 690 460 735 principio
478 694 559 724 ante
576 691 691 724 oculos
707 691 866 735 circoque
882 690 1044 725 locantur

125 736 168 769 In
184 736 307 778 medio,
326 737 413 770 sacri
430 736 591 780 tripodes,
610 737 805 781 viridesque
822 748 964 780 coronae,
1181 739 1248 771 110

122 782 170 815 Et
186 782 321 826 palmae,
339 782 491 826 pretium
508 782 707 825 victoribus,
725 794 901 827 armaque,
919 787 954 816 et
972 786 1063 817 ostro

123 827 278 861 Perfusae
296 832 417 870 vestes,
435 828 571 871 argenti
589 828 734 872 aurique
753 828 928 862 talentum
944 840 951 862 ε

121 873 169 907 Et
186 873 272 907 tuba
289 873 484 907 commissos
500 874 614 907 medio
631 874 726 907 canit
743 885 868 917 aggere
885 874 994 908 ludos.

122 919 241 952 Prima
256 931 355 964 pares
372 920 496 952 ineunt
512 919 676 963 gravibus
694 920 885 953 certamina
901 920 1004 953 remis

123 965 282 1006 Quatuor
298 976 342 998 ex
359 965 453 998 omni
470 965 614 999 delectae
632 965 739 999 classe
757 966 883 999 carinae
897 977 904 999 :

122 1011 283 1044 Velocem
301 1011 505 1044 Mnestheus
522 1012 596 1055 agit
613 1012 684 1045 acri
701 1012 830 1055 remige
848 1011 979 1044 Pristin
997 1023 1004 1051 ;

121 1056 208 1090 Mox
226 1056 338 1090 Italus
356 1057 569 1100 Mnestheus,
587 1069 697 1101 genus
714 1069 735 1091 a
751 1069 820 1101 quo
836 1058 976 1091 nomine
994 1057 1140 1091 Memmi
1156 1069 1165 1099 3

121 1102 374 1146 Ingentemque
392 1103 484 1146 Gyas
500 1103 636 1146 ingenti
653 1103 742 1136 mole
760 1103 976 1146 Chimaeram,

121 1148 224 1182 Urbis
242 1160 338 1193 opus,
356 1148 487 1192 triplici
504 1149 612 1193 pubes
629 1160 734 1193 quam
752 1149 918 1182 Dardana
934 1160 1036 1183 versu

122 1194 326 1238 Impellunt,
344 1198 443 1227 terno
460 1199 674 1238 consurgunt
691 1195 811 1228 ordine
827 1195 914 1228 remi
928 1207 937 1236 ;
1177 1197 1244 1229 120

120 1240 381 1284 Sergestusque,
399 1240 520 1273 domus
538 1244 634 1274 tenet
651 1252 672 1274 a
689 1252 756 1284 quo
773 1241 893 1284 Sergia
909 1251 1045 1284 nomen,

120 1286 293 1320 Centauro
310 1285 488 1319 invehitur
505 1297 633 1329 magna
649 1299 656 1327 ;
681 1286 866 1331 Scyllaque
883 1286 1076 1320 Cloanthus

120 1332 287 1375 Caerulea,
303 1343 414 1375 genus
431 1332 524 1365 unde
542 1332 616 1375 tibi,
637 1332 792 1365 Romane
809 1332 958 1366 Cluenti.

167 1378 230 1411 Est
247 1378 367 1422 procul
384 1378 422 1410 in
438 1378 561 1422 pelago
579 1389 702 1411 saxum
720 1379 922 1422 spumantia
938 1382 1060 1412 contra

119 1423 247 1466 Litora,
265 1424 357 1468 quod
374 1424 519 1457 tumidis
537 1424 753 1458 submersum
769 1424 933 1457 tunditur
950 1424 1033 1457 olim

120 1469 310 1512 Fluctibus,
328 1469 465 1502 hiberni
482 1470 638 1503 condunt
655 1469 714 1503 ubi
732 1470 844 1504 sidera
861 1470 937 1503 Cori
952 1482 961 1511 ;

118 1515 320 1559 Tranquillo
338 1515 426 1557 silet,
443 1515 655 1560 immotaque
672 1516 847 1549 attollitur
864 1515 961 1549 unda

119 1561 279 1605 Campus,
298 1565 333 1594 et
350 1561 475 1605 apricis
493 1562 596 1595 statio
613 1562 811 1605 gratissima
827 1562 964 1605 mergis.

119 1607 189 1640 Hic
207 1607 354 1640 viridem
372 1607 498 1640 AEneas
516 1607 692 1640 frondenti
711 1619 754 1640 ex
772 1608 851 1640 ilice
868 1612 998 1640 metam

119 1653 308 1686 Constituit
326 1653 466 1697 signum
482 1653 600 1686 nautis
618 1658 727 1697 pater,
745 1653 839 1686 unde
855 1653 983 1686 reverti
1176 1655 1242 1687 130

117 1697 264 1741 Scirent,
282 1703 316 1732 et
333 1699 452 1742 longos
468 1698 530 1732 ubi
548 1699 819 1732 circumflectere
837 1709 966 1732 cursus

117 1743 207 1779 Tum
223 1744 298 1779 loca
315 1749 405 1779 sorte
422 1745 554 1790 legunt,
572 1745 707 1791 ipsique
725 1746 761 1778 in
779 1745 954 1790 puppibus
972 1755 1056 1778 auro
