<?xml version="1.0" encoding="UTF-8"?>
<!DOCTYPE html PUBLIC "-//W3C//DTD XHTML 1.0 Transitional//EN"
    "http://www.w3.org/TR/xhtml1/DTD/xhtml1-transitional.dtd">
<html xmlns="http://www.w3.org/1999/xhtml" xml:lang="en" lang="en">
 <head>
  <title>
</title>
<meta http-equiv="Content-Type" content="text/html;charset=utf-8" />
  <meta name='ocr-system' content='tesseract 3.04.00' />
  <meta name='ocr-capabilities' content='ocr_page ocr_carea ocr_par ocr_line ocrx_word'/>
</head>
<body>
  <div class='ocr_page' id='page_1' title='image "./operaomnia00virguoft/operaomnia00virguoft_0314.png"; bbox 0 0 1345 1927; ppageno 0'>
   <div class='ocr_carea' id='block_1_1' title="bbox 166 55 974 91">
    <p class='ocr_par' dir='ltr' id='par_1_1' title="bbox 166 55 974 91">
     <span class='ocr_line' id='line_1_1' title="bbox 166 55 974 91; baseline 0.002 -3"><span class='ocrx_word' id='word_1_1' title='bbox 166 56 234 88; x_wconf 82' lang='lat'>306</span> <span class='ocrx_word' id='word_1_2' title='bbox 468 55 506 90; x_wconf 90' lang='grc' dir='ltr'>Ρ.</span> <span class='ocrx_word' id='word_1_3' title='bbox 531 56 735 91; x_wconf 85' lang='lat' dir='ltr'>VIRGILII</span> <span class='ocrx_word' id='word_1_4' title='bbox 760 55 974 90; x_wconf 81' lang='lat' dir='ltr'><strong>MARON‘IS</strong></span> 
     </span>
    </p>
   </div>
   <div class='ocr_carea' id='block_1_2' title="bbox 164 117 1288 702">
    <p class='ocr_par' dir='ltr' id='par_1_2' title="bbox 167 117 1089 163">
     <span class='ocr_line' id='line_1_2' title="bbox 167 117 1089 163; baseline 0.004 -14"><span class='ocrx_word' id='word_1_5' title='bbox 167 117 272 150; x_wconf 90' lang='lat' dir='ltr'>Hunc</span> <span class='ocrx_word' id='word_1_6' title='bbox 289 117 349 151; x_wconf 88' lang='lat' dir='ltr'>ubi</span> <span class='ocrx_word' id='word_1_7' title='bbox 367 119 571 163; x_wconf 86' lang='lat' dir='ltr'>contiguum</span> <span class='ocrx_word' id='word_1_8' title='bbox 588 121 699 154; x_wconf 81' lang='lat' dir='ltr'>missae</span> <span class='ocrx_word' id='word_1_9' title='bbox 716 120 788 153; x_wconf 78' lang='lat' dir='ltr'>fore</span> <span class='ocrx_word' id='word_1_10' title='bbox 805 120 952 153; x_wconf 88' lang='lat' dir='ltr'>credidit</span> <span class='ocrx_word' id='word_1_11' title='bbox 969 120 1089 163; x_wconf 86' lang='lat' dir='ltr'>hastae,</span> 
     </span>
    </p>

    <p class='ocr_par' dir='ltr' id='par_1_3' title="bbox 167 161 993 210">
     <span class='ocr_line' id='line_1_3' title="bbox 167 161 993 210; baseline 0.005 -16"><span class='ocrx_word' id='word_1_12' title='bbox 167 161 224 195; x_wconf 89' lang='lat' dir='ltr'>Ire</span> <span class='ocrx_word' id='word_1_13' title='bbox 242 163 334 206; x_wconf 89' lang='lat' dir='ltr'>prior</span> <span class='ocrx_word' id='word_1_14' title='bbox 350 163 475 207; x_wconf 83' lang='lat' dir='ltr'>Pallas,</span> <span class='ocrx_word' id='word_1_15' title='bbox 494 166 522 199; x_wconf 90' lang='lat' dir='ltr'>si</span> <span class='ocrx_word' id='word_1_16' title='bbox 539 177 608 210; x_wconf 87' lang='lat' dir='ltr'>qua</span> <span class='ocrx_word' id='word_1_17' title='bbox 624 166 692 199; x_wconf 85' lang='lat' dir='ltr'>fors</span> <span class='ocrx_word' id='word_1_18' title='bbox 709 166 852 209; x_wconf 79' lang='lat' dir='ltr'>adjuvet</span> <span class='ocrx_word' id='word_1_19' title='bbox 869 177 993 198; x_wconf 84' lang='lat' dir='ltr'>ausum</span> 
     </span>
    </p>

    <p class='ocr_par' dir='ltr' id='par_1_4' title="bbox 165 207 1288 343">
     <span class='ocr_line' id='line_1_4' title="bbox 167 207 1183 255; baseline 0.003 -15"><span class='ocrx_word' id='word_1_20' title='bbox 167 207 307 241; x_wconf 88' lang='lat' dir='ltr'><strong>Viribus</strong></span> <span class='ocrx_word' id='word_1_21' title='bbox 324 209 523 253; x_wconf 87' lang='lat' dir='ltr'>imparibus,</span> <span class='ocrx_word' id='word_1_22' title='bbox 540 223 775 255; x_wconf 83' lang='lat' dir='ltr'>magnumque</span> <span class='ocrx_word' id='word_1_23' title='bbox 794 212 843 244; x_wconf 82' lang='lat' dir='ltr'>ita</span> <span class='ocrx_word' id='word_1_24' title='bbox 860 211 903 244; x_wconf 81' lang='lat' dir='ltr'>ad</span> <span class='ocrx_word' id='word_1_25' title='bbox 922 211 1050 244; x_wconf 83' lang='lat' dir='ltr'>aethera</span> <span class='ocrx_word' id='word_1_26' title='bbox 1065 211 1183 244; x_wconf 85' lang='lat' dir='ltr'>fatur:</span> 
     </span>
     <span class='ocr_line' id='line_1_5' title="bbox 168 254 1288 300; baseline 0 -11"><span class='ocrx_word' id='word_1_27' title='bbox 168 258 186 274; x_wconf 91' lang='lat'><strong><em>“</em></strong></span> <span class='ocrx_word' id='word_1_28' title='bbox 199 257 264 289; x_wconf 90' lang='lat' dir='ltr'>Per</span> <span class='ocrx_word' id='word_1_29' title='bbox 281 256 389 300; x_wconf 85' lang='lat' dir='ltr'>patris</span> <span class='ocrx_word' id='word_1_30' title='bbox 406 255 605 298; x_wconf 72' lang='lat' dir='ltr'>hospitium,</span> <span class='ocrx_word' id='word_1_31' title='bbox 624 260 658 287; x_wconf 89' lang='lat' dir='ltr'>et</span> <span class='ocrx_word' id='word_1_32' title='bbox 675 266 809 287; x_wconf 66' lang='lat' dir='ltr'>mensas</span> <span class='ocrx_word' id='word_1_33' title='bbox 827 265 909 297; x_wconf 71' lang='lat' dir='ltr'>quas</span> <span class='ocrx_word' id='word_1_34' title='bbox 927 254 1062 288; x_wconf 82' lang='lat' dir='ltr'>advena</span> <span class='ocrx_word' id='word_1_35' title='bbox 1079 256 1195 297; x_wconf 88' lang='lat' dir='ltr'>adisti,</span> <span class='ocrx_word' id='word_1_36' title='bbox 1219 257 1288 289; x_wconf 85' lang='lat'>460</span> 
     </span>
     <span class='ocr_line' id='line_1_6' title="bbox 165 297 977 343; baseline -0.004 -11"><span class='ocrx_word' id='word_1_37' title='bbox 165 297 212 332; x_wconf 79' lang='lat' dir='ltr'>Te</span> <span class='ocrx_word' id='word_1_38' title='bbox 228 310 356 342; x_wconf 86' lang='lat' dir='ltr'>precor,</span> <span class='ocrx_word' id='word_1_39' title='bbox 373 299 505 342; x_wconf 83' lang='lat' dir='ltr'>Alcide,</span> <span class='ocrx_word' id='word_1_40' title='bbox 522 300 643 343; x_wconf 89' lang='lat' dir='ltr'>coeptis</span> <span class='ocrx_word' id='word_1_41' title='bbox 660 298 859 341; x_wconf 83' lang='lat' dir='ltr'>ingentibus</span> <span class='ocrx_word' id='word_1_42' title='bbox 877 297 977 330; x_wconf 84' lang='lat' dir='ltr'>adsis.</span> 
     </span>
    </p>

    <p class='ocr_par' dir='ltr' id='par_1_5' title="bbox 165 343 1040 433">
     <span class='ocr_line' id='line_1_7' title="bbox 165 343 1040 388; baseline -0.002 -12"><span class='ocrx_word' id='word_1_43' title='bbox 165 343 291 377; x_wconf 86' lang='lat' dir='ltr'>Cernat</span> <span class='ocrx_word' id='word_1_44' title='bbox 308 345 469 377; x_wconf 77' lang='lat' dir='ltr'>semineci</span> <span class='ocrx_word' id='word_1_45' title='bbox 487 344 551 377; x_wconf 77' lang='lat' dir='ltr'>sibi</span> <span class='ocrx_word' id='word_1_46' title='bbox 567 357 621 378; x_wconf 89' lang='lat' dir='ltr'>me</span> <span class='ocrx_word' id='word_1_47' title='bbox 638 355 755 388; x_wconf 82' lang='lat' dir='ltr'>rapere</span> <span class='ocrx_word' id='word_1_48' title='bbox 774 354 870 376; x_wconf 86' lang='lat' dir='ltr'>arma</span> <span class='ocrx_word' id='word_1_49' title='bbox 886 345 1040 383; x_wconf 85' lang='lat' dir='ltr'>cruenta,</span> 
     </span>
     <span class='ocr_line' id='line_1_8' title="bbox 166 386 1040 433; baseline -0.003 -11"><span class='ocrx_word' id='word_1_50' title='bbox 166 388 407 433; x_wconf 84' lang='lat' dir='ltr'>Victoremque</span> <span class='ocrx_word' id='word_1_51' title='bbox 424 390 538 423; x_wconf 78' lang='lat' dir='ltr'>ferunt</span> <span class='ocrx_word' id='word_1_52' title='bbox 555 390 737 423; x_wconf 87' lang='lat' dir='ltr'>morientia</span> <span class='ocrx_word' id='word_1_53' title='bbox 753 389 887 421; x_wconf 84' lang='lat' dir='ltr'>lumina</span> <span class='ocrx_word' id='word_1_54' title='bbox 903 386 1040 420; x_wconf 60' lang='lat' dir='ltr'>&#39;rumix’</span> 
     </span>
    </p>

    <p class='ocr_par' dir='ltr' id='par_1_6' title="bbox 164 432 1049 478">
     <span class='ocr_line' id='line_1_9' title="bbox 164 432 1049 478; baseline -0.002 -12"><span class='ocrx_word' id='word_1_55' title='bbox 164 433 290 467; x_wconf 79' lang='lat' dir='ltr'>Audiit</span> <span class='ocrx_word' id='word_1_56' title='bbox 307 434 444 468; x_wconf 85' lang='lat' dir='ltr'>Alcides</span> <span class='ocrx_word' id='word_1_57' title='bbox 456 437 631 478; x_wconf 76' lang='lat' dir='ltr'>juvenem,</span> <span class='ocrx_word' id='word_1_58' title='bbox 648 444 883 477; x_wconf 78' lang='lat' dir='ltr'>magnumque</span> <span class='ocrx_word' id='word_1_59' title='bbox 900 432 963 465; x_wconf 88' lang='lat' dir='ltr'>sub</span> <span class='ocrx_word' id='word_1_60' title='bbox 980 432 1049 465; x_wconf 89' lang='lat' dir='ltr'>imo</span> 
     </span>
    </p>

    <p class='ocr_par' dir='ltr' id='par_1_7' title="bbox 165 477 1141 558">
     <span class='ocr_line' id='line_1_10' title="bbox 166 477 1141 523; baseline -0.002 -11"><span class='ocrx_word' id='word_1_61' title='bbox 166 479 273 512; x_wconf 87' lang='lat' dir='ltr'>Corde</span> <span class='ocrx_word' id='word_1_62' title='bbox 290 480 416 523; x_wconf 80' lang='lat' dir='ltr'>premit</span> <span class='ocrx_word' id='word_1_63' title='bbox 432 481 611 523; x_wconf 81' lang='lat' dir='ltr'>gemitum,</span> <span class='ocrx_word' id='word_1_64' title='bbox 628 480 855 522; x_wconf 78' lang='lat' dir='ltr'>lacrimasque</span> <span class='ocrx_word' id='word_1_65' title='bbox 872 477 995 510; x_wconf 87' lang='lat' dir='ltr'>effudit</span> <span class='ocrx_word' id='word_1_66' title='bbox 1011 477 1141 510; x_wconf 78' lang='lat' dir='ltr'>inanes.</span> 
     </span>
     <span class='ocr_line' id='line_1_11' title="bbox 165 524 977 558; baseline 0 -2"><span class='ocrx_word' id='word_1_67' title='bbox 165 524 255 557; x_wconf 82' lang='lat' dir='ltr'>Tum</span> <span class='ocrx_word' id='word_1_68' title='bbox 273 525 416 557; x_wconf 81' lang='lat' dir='ltr'>Genitor</span> <span class='ocrx_word' id='word_1_69' title='bbox 433 529 556 557; x_wconf 91' lang='lat' dir='ltr'>natum</span> <span class='ocrx_word' id='word_1_70' title='bbox 573 526 676 558; x_wconf 84' lang='lat' dir='ltr'>dictis</span> <span class='ocrx_word' id='word_1_71' title='bbox 693 524 820 558; x_wconf 82' lang='lat' dir='ltr'>affatur</span> <span class='ocrx_word' id='word_1_72' title='bbox 836 524 956 556; x_wconf 85' lang='lat' dir='ltr'>amicis</span> <span class='ocrx_word' id='word_1_73' title='bbox 970 534 977 556; x_wconf 92' lang='lat'>:</span> 
     </span>
    </p>

    <p class='ocr_par' dir='ltr' id='par_1_8' title="bbox 170 564 1189 654">
     <span class='ocr_line' id='line_1_12' title="bbox 170 564 1189 611; baseline -0.004 -10"><span class='ocrx_word' id='word_1_74' title='bbox 170 568 188 584; x_wconf 92' lang='lat'><strong>“</strong></span> <span class='ocrx_word' id='word_1_75' title='bbox 203 568 280 601; x_wconf 85' lang='lat' dir='ltr'>Stat</span> <span class='ocrx_word' id='word_1_76' title='bbox 298 580 359 601; x_wconf 86' lang='lat' dir='ltr'>sua</span> <span class='ocrx_word' id='word_1_77' title='bbox 376 570 502 611; x_wconf 81' lang='lat' dir='ltr'>cuique</span> <span class='ocrx_word' id='word_1_78' title='bbox 519 570 591 602; x_wconf 89' lang='lat' dir='ltr'>dies</span> <span class='ocrx_word' id='word_1_79' title='bbox 602 582 614 608; x_wconf 62' lang='grc'>»;</span> <span class='ocrx_word' id='word_1_80' title='bbox 641 569 744 601; x_wconf 77' lang='lat' dir='ltr'>breve</span> <span class='ocrx_word' id='word_1_81' title='bbox 762 573 796 600; x_wconf 91' lang='lat' dir='ltr'>et</span> <span class='ocrx_word' id='word_1_82' title='bbox 813 564 1034 604; x_wconf 55' lang='lat' dir='ltr'>irreparabile</span> <span class='ocrx_word' id='word_1_83' title='bbox 1051 569 1189 610; x_wconf 81' lang='lat' dir='ltr'>tempus</span> 
     </span>
     <span class='ocr_line' id='line_1_13' title="bbox 171 612 1090 654; baseline -0.002 -8"><span class='ocrx_word' id='word_1_84' title='bbox 171 612 338 646; x_wconf 86' lang='lat' dir='ltr'>Omnibus</span> <span class='ocrx_word' id='word_1_85' title='bbox 355 616 407 645; x_wconf 88' lang='lat' dir='ltr'>est</span> <span class='ocrx_word' id='word_1_86' title='bbox 424 613 506 646; x_wconf 83' lang='lat' dir='ltr'>vitae</span> <span class='ocrx_word' id='word_1_87' title='bbox 521 625 528 646; x_wconf 91' lang='lat'>:</span> <span class='ocrx_word' id='word_1_88' title='bbox 554 613 612 646; x_wconf 89' lang='lat' dir='ltr'>sed</span> <span class='ocrx_word' id='word_1_89' title='bbox 629 613 758 645; x_wconf 82' lang='lat' dir='ltr'>famam</span> <span class='ocrx_word' id='word_1_90' title='bbox 776 612 962 644; x_wconf 84' lang='lat' dir='ltr'>extendere</span> <span class='ocrx_word' id='word_1_91' title='bbox 978 612 1090 654; x_wconf 86' lang='lat' dir='ltr'>factis,</span> 
     </span>
    </p>

    <p class='ocr_par' dir='ltr' id='par_1_9' title="bbox 169 656 1041 702">
     <span class='ocr_line' id='line_1_14' title="bbox 169 656 1041 702; baseline -0.001 -11"><span class='ocrx_word' id='word_1_92' title='bbox 169 658 245 691; x_wconf 90' lang='lat' dir='ltr'>Hoc</span> <span class='ocrx_word' id='word_1_93' title='bbox 262 658 403 691; x_wconf 85' lang='lat' dir='ltr'>virtutis</span> <span class='ocrx_word' id='word_1_94' title='bbox 421 669 516 701; x_wconf 84' lang='lat' dir='ltr'>opus.</span> <span class='ocrx_word' id='word_1_95' title='bbox 565 658 674 702; x_wconf 81' lang='lat' dir='ltr'>Trojae</span> <span class='ocrx_word' id='word_1_96' title='bbox 693 657 756 690; x_wconf 88' lang='lat' dir='ltr'>sub</span> <span class='ocrx_word' id='word_1_97' title='bbox 772 657 943 690; x_wconf 87' lang='lat' dir='ltr'>moenibus</span> <span class='ocrx_word' id='word_1_98' title='bbox 960 656 1041 690; x_wconf 87' lang='lat' dir='ltr'>altis</span> 
     </span>
    </p>
   </div>
   <div class='ocr_carea' id='block_1_3' title="bbox 169 700 1329 747">
    <p class='ocr_par' dir='ltr' id='par_1_10' title="bbox 169 700 1329 747">
     <span class='ocr_line' id='line_1_15' title="bbox 169 700 1329 747; baseline -0.002 -11"><span class='ocrx_word' id='word_1_99' title='bbox 169 703 234 736; x_wconf 76' lang='lat' dir='ltr'>Tot</span> <span class='ocrx_word' id='word_1_100' title='bbox 251 703 326 736; x_wconf 85' lang='lat' dir='ltr'>nati</span> <span class='ocrx_word' id='word_1_101' title='bbox 344 703 496 737; x_wconf 84' lang='lat' dir='ltr'>cecidere</span> <span class='ocrx_word' id='word_1_102' title='bbox 513 703 617 736; x_wconf 86' lang='lat' dir='ltr'>deum</span> <span class='ocrx_word' id='word_1_103' title='bbox 633 716 641 742; x_wconf 91' lang='lat'>;</span> <span class='ocrx_word' id='word_1_104' title='bbox 666 703 751 747; x_wconf 86' lang='lat' dir='ltr'>quin</span> <span class='ocrx_word' id='word_1_105' title='bbox 769 703 894 736; x_wconf 89' lang='lat' dir='ltr'>occidit</span> <span class='ocrx_word' id='word_1_106' title='bbox 911 713 983 735; x_wconf 91' lang='lat' dir='ltr'>una</span> <span class='ocrx_word' id='word_1_107' title='bbox 1213 700 1282 735; x_wconf 85' lang='lat'>470</span> <span class='ocrx_word' id='word_1_108' title='bbox 1328 740 1329 743; x_wconf 11' lang='grc' dir='ltr'><strong>Ἴ</strong></span> 
     </span>
    </p>
   </div>
   <div class='ocr_carea' id='block_1_4' title="bbox 170 748 1140 1153">
    <p class='ocr_par' dir='ltr' id='par_1_11' title="bbox 170 748 1073 837">
     <span class='ocr_line' id='line_1_16' title="bbox 170 748 1073 792; baseline -0.003 -10"><span class='ocrx_word' id='word_1_109' title='bbox 170 748 355 792; x_wconf 80' lang='lat' dir='ltr'>Sarpedon,</span> <span class='ocrx_word' id='word_1_110' title='bbox 372 760 450 781; x_wconf 90' lang='lat' dir='ltr'>mea</span> <span class='ocrx_word' id='word_1_111' title='bbox 467 749 655 792; x_wconf 81' lang='lat' dir='ltr'>progenies.</span> <span class='ocrx_word' id='word_1_112' title='bbox 703 748 820 781; x_wconf 78' lang='lat' dir='ltr'>Etiam</span> <span class='ocrx_word' id='word_1_113' title='bbox 838 759 900 780; x_wconf 88' lang='lat' dir='ltr'>sua</span> <span class='ocrx_word' id='word_1_114' title='bbox 917 748 1073 781; x_wconf 87' lang='lat' dir='ltr'>Turnum</span> 
     </span>
     <span class='ocr_line' id='line_1_17' title="bbox 170 790 1048 837; baseline -0.002 -10"><span class='ocrx_word' id='word_1_115' title='bbox 170 793 260 827; x_wconf 83' lang='lat' dir='ltr'>Fata</span> <span class='ocrx_word' id='word_1_116' title='bbox 276 798 411 836; x_wconf 85' lang='lat' dir='ltr'>vocant,</span> <span class='ocrx_word' id='word_1_117' title='bbox 427 799 607 837; x_wconf 83' lang='lat' dir='ltr'>metasque</span> <span class='ocrx_word' id='word_1_118' title='bbox 625 794 698 826; x_wconf 86' lang='lat' dir='ltr'>dati</span> <span class='ocrx_word' id='word_1_119' title='bbox 717 794 874 837; x_wconf 85' lang='lat' dir='ltr'>pervenit</span> <span class='ocrx_word' id='word_1_120' title='bbox 892 793 935 825; x_wconf 91' lang='lat' dir='ltr'>ad</span> <span class='ocrx_word' id='word_1_121' title='bbox 953 790 1048 826; x_wconf 76' lang='lat' dir='ltr'>aevi.”</span> 
     </span>
    </p>

    <p class='ocr_par' dir='ltr' id='par_1_12' title="bbox 171 838 1032 882">
     <span class='ocr_line' id='line_1_18' title="bbox 171 838 1032 882; baseline 0 -10"><span class='ocrx_word' id='word_1_122' title='bbox 171 838 227 872; x_wconf 88' lang='lat' dir='ltr'>Sic</span> <span class='ocrx_word' id='word_1_123' title='bbox 245 839 304 881; x_wconf 87' lang='lat' dir='ltr'>ait,</span> <span class='ocrx_word' id='word_1_124' title='bbox 321 843 426 882; x_wconf 87' lang='lat' dir='ltr'>atque</span> <span class='ocrx_word' id='word_1_125' title='bbox 443 839 558 872; x_wconf 83' lang='lat' dir='ltr'>oeulos</span> <span class='ocrx_word' id='word_1_126' title='bbox 577 839 786 872; x_wconf 83' lang='lat' dir='ltr'>Rutulorum</span> <span class='ocrx_word' id='word_1_127' title='bbox 803 839 915 881; x_wconf 83' lang='lat' dir='ltr'>rejicit</span> <span class='ocrx_word' id='word_1_128' title='bbox 932 839 1032 872; x_wconf 86' lang='lat' dir='ltr'>arvis.</span> 
     </span>
    </p>

    <p class='ocr_par' dir='ltr' id='par_1_13' title="bbox 171 884 1010 974">
     <span class='ocr_line' id='line_1_19' title="bbox 171 884 962 927; baseline -0.001 -11"><span class='ocrx_word' id='word_1_129' title='bbox 171 884 220 917; x_wconf 90' lang='lat' dir='ltr'>At</span> <span class='ocrx_word' id='word_1_130' title='bbox 237 884 352 917; x_wconf 84' lang='lat' dir='ltr'>Pallas</span> <span class='ocrx_word' id='word_1_131' title='bbox 368 885 504 927; x_wconf 86' lang='lat' dir='ltr'>magnis</span> <span class='ocrx_word' id='word_1_132' title='bbox 521 885 652 917; x_wconf 85' lang='lat' dir='ltr'>emittit</span> <span class='ocrx_word' id='word_1_133' title='bbox 670 884 799 916; x_wconf 82' lang='lat' dir='ltr'>viribus</span> <span class='ocrx_word' id='word_1_134' title='bbox 817 884 962 925; x_wconf 81' lang='lat' dir='ltr'>hastam,</span> 
     </span>
     <span class='ocr_line' id='line_1_20' title="bbox 171 927 1010 974; baseline 0 -13"><span class='ocrx_word' id='word_1_135' title='bbox 171 928 393 974; x_wconf 81' lang='lat' dir='ltr'>[Vaginaque</span> <span class='ocrx_word' id='word_1_136' title='bbox 410 940 494 962; x_wconf 82' lang='lat' dir='ltr'>cava</span> <span class='ocrx_word' id='word_1_137' title='bbox 511 929 704 972; x_wconf 84' lang='lat' dir='ltr'>fulgentem</span> <span class='ocrx_word' id='word_1_138' title='bbox 723 929 850 972; x_wconf 87' lang='lat' dir='ltr'>deripit</span> <span class='ocrx_word' id='word_1_139' title='bbox 867 927 1010 972; x_wconf 69' lang='lat' dir='ltr'>ensem]</span> 
     </span>
    </p>

    <p class='ocr_par' dir='ltr' id='par_1_14' title="bbox 173 974 1140 1153">
     <span class='ocr_line' id='line_1_21' title="bbox 173 974 1140 1017; baseline 0 -11"><span class='ocrx_word' id='word_1_140' title='bbox 173 974 241 1007; x_wconf 83' lang='lat' dir='ltr'>Illa</span> <span class='ocrx_word' id='word_1_141' title='bbox 257 974 385 1017; x_wconf 83' lang='lat' dir='ltr'>volans,</span> <span class='ocrx_word' id='word_1_142' title='bbox 403 974 555 1007; x_wconf 89' lang='lat' dir='ltr'>humeris</span> <span class='ocrx_word' id='word_1_143' title='bbox 574 980 721 1017; x_wconf 85' lang='lat' dir='ltr'>surgunt</span> <span class='ocrx_word' id='word_1_144' title='bbox 739 986 807 1017; x_wconf 81' lang='lat' dir='ltr'>qua</span> <span class='ocrx_word' id='word_1_145' title='bbox 824 974 979 1017; x_wconf 82' lang='lat' dir='ltr'>tegmina</span> <span class='ocrx_word' id='word_1_146' title='bbox 996 983 1140 1017; x_wconf 83' lang='lat' dir='ltr'>summa,</span> 
     </span>
     <span class='ocr_line' id='line_1_22' title="bbox 174 1019 982 1064; baseline -0.001 -12"><span class='ocrx_word' id='word_1_147' title='bbox 174 1019 314 1062; x_wconf 88' lang='lat' dir='ltr'>Incidit,</span> <span class='ocrx_word' id='word_1_148' title='bbox 332 1024 437 1063; x_wconf 85' lang='lat' dir='ltr'>atque</span> <span class='ocrx_word' id='word_1_149' title='bbox 453 1020 544 1053; x_wconf 84' lang='lat' dir='ltr'>viam</span> <span class='ocrx_word' id='word_1_150' title='bbox 563 1020 666 1064; x_wconf 86' lang='lat' dir='ltr'>clipei</span> <span class='ocrx_word' id='word_1_151' title='bbox 682 1020 805 1052; x_wconf 87' lang='lat' dir='ltr'>molita</span> <span class='ocrx_word' id='word_1_152' title='bbox 821 1031 882 1062; x_wconf 92' lang='lat' dir='ltr'>per</span> <span class='ocrx_word' id='word_1_153' title='bbox 899 1030 982 1061; x_wconf 75' lang='lat' dir='ltr'>oras,</span> 
     </span>
     <span class='ocr_line' id='line_1_23' title="bbox 173 1063 1102 1108; baseline -0.001 -10"><span class='ocrx_word' id='word_1_154' title='bbox 173 1064 328 1098; x_wconf 75' lang='lat' dir='ltr'>Tandem</span> <span class='ocrx_word' id='word_1_155' title='bbox 345 1065 451 1097; x_wconf 83' lang='lat' dir='ltr'>etiam</span> <span class='ocrx_word' id='word_1_156' title='bbox 467 1076 592 1108; x_wconf 83' lang='lat' dir='ltr'>magno</span> <span class='ocrx_word' id='word_1_157' title='bbox 611 1065 753 1098; x_wconf 81' lang='lat' dir='ltr'>strinxit</span> <span class='ocrx_word' id='word_1_158' title='bbox 770 1065 812 1097; x_wconf 90' lang='lat' dir='ltr'>de</span> <span class='ocrx_word' id='word_1_159' title='bbox 829 1076 967 1108; x_wconf 85' lang='lat' dir='ltr'>corpore</span> <span class='ocrx_word' id='word_1_160' title='bbox 984 1063 1102 1097; x_wconf 83' lang='lat' dir='ltr'>Turni.</span> 
     </span>
     <span class='ocr_line' id='line_1_24' title="bbox 174 1109 941 1153; baseline 0 -11"><span class='ocrx_word' id='word_1_161' title='bbox 174 1109 243 1142; x_wconf 82' lang='lat' dir='ltr'>Hic</span> <span class='ocrx_word' id='word_1_162' title='bbox 260 1110 397 1142; x_wconf 85' lang='lat' dir='ltr'>Turnus</span> <span class='ocrx_word' id='word_1_163' title='bbox 413 1110 503 1143; x_wconf 86' lang='lat' dir='ltr'>ferro</span> <span class='ocrx_word' id='word_1_164' title='bbox 520 1110 701 1153; x_wconf 69' lang='lat' dir='ltr'>praefixum</span> <span class='ocrx_word' id='word_1_165' title='bbox 718 1109 822 1143; x_wconf 82' lang='lat' dir='ltr'>robur</span> <span class='ocrx_word' id='word_1_166' title='bbox 837 1115 941 1143; x_wconf 88' lang='lat' dir='ltr'>acuto</span> 
     </span>
    </p>
   </div>
   <div class='ocr_carea' id='block_1_5' title="bbox 176 1154 1325 1208">
    <p class='ocr_par' dir='ltr' id='par_1_15' title="bbox 176 1154 1325 1208">
     <span class='ocr_line' id='line_1_25' title="bbox 176 1154 1325 1208; baseline 0.001 -21"><span class='ocrx_word' id='word_1_167' title='bbox 176 1154 221 1187; x_wconf 91' lang='lat' dir='ltr'>In</span> <span class='ocrx_word' id='word_1_168' title='bbox 239 1154 402 1187; x_wconf 81' lang='lat' dir='ltr'>Pallanta</span> <span class='ocrx_word' id='word_1_169' title='bbox 419 1155 479 1187; x_wconf 90' lang='lat' dir='ltr'>diu</span> <span class='ocrx_word' id='word_1_170' title='bbox 496 1155 625 1188; x_wconf 83' lang='lat' dir='ltr'>librans</span> <span class='ocrx_word' id='word_1_171' title='bbox 637 1155 735 1198; x_wconf 81' lang='lat' dir='ltr'>jacit,</span> <span class='ocrx_word' id='word_1_172' title='bbox 753 1160 857 1199; x_wconf 88' lang='lat' dir='ltr'>atque</span> <span class='ocrx_word' id='word_1_173' title='bbox 876 1155 926 1188; x_wconf 88' lang='lat' dir='ltr'>ita</span> <span class='ocrx_word' id='word_1_174' title='bbox 942 1155 1057 1188; x_wconf 80' lang='lat' dir='ltr'>fatur:</span> <span class='ocrx_word' id='word_1_175' title='bbox 1218 1155 1287 1188; x_wconf 84' lang='lat'>480</span> <span class='ocrx_word' id='word_1_176' title='bbox 1324 1202 1325 1208; x_wconf 12' lang='grc' dir='ltr'>ἵ</span> 
     </span>
    </p>
   </div>
   <div class='ocr_carea' id='block_1_6' title="bbox 174 1198 1290 1737">
    <p class='ocr_par' dir='ltr' id='par_1_16' title="bbox 174 1198 1186 1286">
     <span class='ocr_line' id='line_1_26' title="bbox 178 1198 1186 1243; baseline 0 -11"><span class='ocrx_word' id='word_1_177' title='bbox 178 1201 197 1221; x_wconf 88' lang='lat'>“</span> <span class='ocrx_word' id='word_1_178' title='bbox 207 1200 340 1242; x_wconf 86' lang='lat' dir='ltr'>Aspice,</span> <span class='ocrx_word' id='word_1_179' title='bbox 357 1211 443 1232; x_wconf 90' lang='lat' dir='ltr'>num</span> <span class='ocrx_word' id='word_1_180' title='bbox 458 1211 558 1243; x_wconf 83' lang='lat' dir='ltr'>mage</span> <span class='ocrx_word' id='word_1_181' title='bbox 576 1201 621 1233; x_wconf 90' lang='lat' dir='ltr'>sit</span> <span class='ocrx_word' id='word_1_182' title='bbox 638 1206 794 1233; x_wconf 86' lang='lat' dir='ltr'>nostrum</span> <span class='ocrx_word' id='word_1_183' title='bbox 813 1199 1026 1243; x_wconf 85' lang='lat' dir='ltr'>penetrabile</span> <span class='ocrx_word' id='word_1_184' title='bbox 1044 1198 1186 1232; x_wconf 87' lang='lat' dir='ltr'>telum.&#39;’</span> 
     </span>
     <span class='ocr_line' id='line_1_27' title="bbox 174 1243 1041 1286; baseline 0 -10"><span class='ocrx_word' id='word_1_185' title='bbox 174 1243 322 1277; x_wconf 82' lang='lat' dir='ltr'>Dixerat</span> <span class='ocrx_word' id='word_1_186' title='bbox 336 1255 344 1284; x_wconf 85' lang='lat'><em>3</em></span> <span class='ocrx_word' id='word_1_187' title='bbox 370 1248 407 1276; x_wconf 88' lang='lat' dir='ltr'>at</span> <span class='ocrx_word' id='word_1_188' title='bbox 425 1244 584 1286; x_wconf 79' lang='lat' dir='ltr'>clipeum,</span> <span class='ocrx_word' id='word_1_189' title='bbox 602 1248 654 1276; x_wconf 88' lang='lat' dir='ltr'>tot</span> <span class='ocrx_word' id='word_1_190' title='bbox 671 1244 753 1276; x_wconf 83' lang='lat' dir='ltr'>ferri</span> <span class='ocrx_word' id='word_1_191' title='bbox 771 1249 877 1285; x_wconf 79' lang='lat' dir='ltr'>terga,</span> <span class='ocrx_word' id='word_1_192' title='bbox 895 1249 947 1276; x_wconf 86' lang='lat' dir='ltr'>tot</span> <span class='ocrx_word' id='word_1_193' title='bbox 965 1244 1041 1276; x_wconf 86' lang='lat' dir='ltr'>aeris</span> 
     </span>
    </p>

    <p class='ocr_par' dir='ltr' id='par_1_17' title="bbox 177 1288 1023 1422">
     <span class='ocr_line' id='line_1_28' title="bbox 177 1288 1023 1332; baseline 0.001 -12"><span class='ocrx_word' id='word_1_194' title='bbox 177 1288 294 1329; x_wconf 84' lang='lat' dir='ltr'>Quum</span> <span class='ocrx_word' id='word_1_195' title='bbox 310 1288 410 1332; x_wconf 89' lang='lat' dir='ltr'>pellis</span> <span class='ocrx_word' id='word_1_196' title='bbox 427 1289 554 1321; x_wconf 87' lang='lat' dir='ltr'>totiens</span> <span class='ocrx_word' id='word_1_197' title='bbox 572 1288 672 1322; x_wconf 89' lang='lat' dir='ltr'>obeat</span> <span class='ocrx_word' id='word_1_198' title='bbox 689 1289 904 1321; x_wconf 83' lang='lat' dir='ltr'>circumdata</span> <span class='ocrx_word' id='word_1_199' title='bbox 921 1289 1023 1331; x_wconf 83' lang='lat' dir='ltr'>tauri,</span> 
     </span>
     <span class='ocr_line' id='line_1_29' title="bbox 177 1332 1012 1377; baseline 0 -11"><span class='ocrx_word' id='word_1_200' title='bbox 177 1333 340 1366; x_wconf 89' lang='lat' dir='ltr'>Vibranti</span> <span class='ocrx_word' id='word_1_201' title='bbox 355 1332 510 1366; x_wconf 85' lang='lat' dir='ltr'>medium</span> <span class='ocrx_word' id='word_1_202' title='bbox 527 1334 641 1377; x_wconf 90' lang='lat' dir='ltr'>cuspis</span> <span class='ocrx_word' id='word_1_203' title='bbox 658 1334 913 1367; x_wconf 87' lang='lat' dir='ltr'>transverberat</span> <span class='ocrx_word' id='word_1_204' title='bbox 930 1334 1012 1377; x_wconf 86' lang='lat' dir='ltr'>ictu,</span> 
     </span>
     <span class='ocr_line' id='line_1_30' title="bbox 177 1378 1007 1422; baseline 0.001 -11"><span class='ocrx_word' id='word_1_205' title='bbox 177 1378 374 1422; x_wconf 86' lang='lat' dir='ltr'>Loricaeque</span> <span class='ocrx_word' id='word_1_206' title='bbox 390 1389 502 1411; x_wconf 86' lang='lat' dir='ltr'>moras</span> <span class='ocrx_word' id='word_1_207' title='bbox 519 1383 554 1412; x_wconf 87' lang='lat' dir='ltr'>et</span> <span class='ocrx_word' id='word_1_208' title='bbox 571 1384 691 1422; x_wconf 86' lang='lat' dir='ltr'>peetus</span> <span class='ocrx_word' id='word_1_209' title='bbox 708 1379 860 1422; x_wconf 85' lang='lat' dir='ltr'>perforat</span> <span class='ocrx_word' id='word_1_210' title='bbox 877 1379 1007 1422; x_wconf 85' lang='lat' dir='ltr'>ingens.</span> 
     </span>
    </p>

    <p class='ocr_par' dir='ltr' id='par_1_18' title="bbox 178 1423 1036 1467">
     <span class='ocr_line' id='line_1_31' title="bbox 178 1423 1036 1467; baseline 0.001 -10"><span class='ocrx_word' id='word_1_211' title='bbox 178 1424 244 1458; x_wconf 90' lang='lat' dir='ltr'>Ille</span> <span class='ocrx_word' id='word_1_212' title='bbox 259 1424 353 1467; x_wconf 86' lang='lat' dir='ltr'>rapit</span> <span class='ocrx_word' id='word_1_213' title='bbox 370 1423 522 1456; x_wconf 87' lang='lat' dir='ltr'>calidum</span> <span class='ocrx_word' id='word_1_214' title='bbox 538 1425 668 1457; x_wconf 86' lang='lat' dir='ltr'>frustra</span> <span class='ocrx_word' id='word_1_215' title='bbox 685 1424 727 1457; x_wconf 87' lang='lat' dir='ltr'>de</span> <span class='ocrx_word' id='word_1_216' title='bbox 744 1424 887 1457; x_wconf 84' lang='lat' dir='ltr'>vulnere</span> <span class='ocrx_word' id='word_1_217' title='bbox 904 1424 1015 1457; x_wconf 87' lang='lat' dir='ltr'>telum</span> <span class='ocrx_word' id='word_1_218' title='bbox 1029 1436 1036 1458; x_wconf 76' lang='grc' dir='ltr'>ε</span> 
     </span>
    </p>

    <p class='ocr_par' dir='ltr' id='par_1_19' title="bbox 178 1469 1133 1558">
     <span class='ocr_line' id='line_1_32' title="bbox 178 1469 1133 1513; baseline 0.002 -12"><span class='ocrx_word' id='word_1_219' title='bbox 178 1469 259 1502; x_wconf 80' lang='lat' dir='ltr'>Una</span> <span class='ocrx_word' id='word_1_220' title='bbox 275 1469 463 1512; x_wconf 84' lang='lat' dir='ltr'>eademque</span> <span class='ocrx_word' id='word_1_221' title='bbox 479 1469 536 1502; x_wconf 80' lang='lat' dir='ltr'>via</span> <span class='ocrx_word' id='word_1_222' title='bbox 553 1469 692 1512; x_wconf 83' lang='lat' dir='ltr'>sanguis</span> <span class='ocrx_word' id='word_1_223' title='bbox 709 1469 914 1513; x_wconf 81' lang='lat' dir='ltr'>animusque</span> <span class='ocrx_word' id='word_1_224' title='bbox 931 1473 1133 1511; x_wconf 87' lang='lat' dir='ltr'>sequuntur.</span> 
     </span>
     <span class='ocr_line' id='line_1_33' title="bbox 180 1513 1109 1558; baseline 0.001 -12"><span class='ocrx_word' id='word_1_225' title='bbox 180 1513 316 1547; x_wconf 87' lang='lat' dir='ltr'>Corruit</span> <span class='ocrx_word' id='word_1_226' title='bbox 332 1514 370 1546; x_wconf 90' lang='lat' dir='ltr'>in</span> <span class='ocrx_word' id='word_1_227' title='bbox 387 1514 514 1547; x_wconf 84' lang='lat' dir='ltr'>vulnus</span> <span class='ocrx_word' id='word_1_228' title='bbox 527 1526 536 1555; x_wconf 87' lang='grc'><strong>;</strong></span> <span class='ocrx_word' id='word_1_229' title='bbox 562 1515 714 1547; x_wconf 87' lang='lat' dir='ltr'>sonitum</span> <span class='ocrx_word' id='word_1_230' title='bbox 731 1526 834 1558; x_wconf 89' lang='lat' dir='ltr'>super</span> <span class='ocrx_word' id='word_1_231' title='bbox 849 1526 946 1548; x_wconf 84' lang='lat' dir='ltr'>arma</span> <span class='ocrx_word' id='word_1_232' title='bbox 963 1515 1086 1548; x_wconf 89' lang='lat' dir='ltr'>dedere</span> <span class='ocrx_word' id='word_1_233' title='bbox 1099 1527 1109 1556; x_wconf 91' lang='lat'>;</span> 
     </span>
    </p>

    <p class='ocr_par' dir='ltr' id='par_1_20' title="bbox 180 1559 1060 1603">
     <span class='ocr_line' id='line_1_34' title="bbox 180 1559 1060 1603; baseline 0.001 -11"><span class='ocrx_word' id='word_1_234' title='bbox 180 1559 226 1592; x_wconf 90' lang='lat' dir='ltr'>Et</span> <span class='ocrx_word' id='word_1_235' title='bbox 242 1563 371 1592; x_wconf 86' lang='lat' dir='ltr'>terram</span> <span class='ocrx_word' id='word_1_236' title='bbox 387 1559 548 1592; x_wconf 82' lang='lat' dir='ltr'>hostilem</span> <span class='ocrx_word' id='word_1_237' title='bbox 563 1560 712 1592; x_wconf 89' lang='lat' dir='ltr'>moriens</span> <span class='ocrx_word' id='word_1_238' title='bbox 728 1560 818 1603; x_wconf 87' lang='lat' dir='ltr'>petit</span> <span class='ocrx_word' id='word_1_239' title='bbox 834 1570 891 1593; x_wconf 88' lang='lat' dir='ltr'>ore</span> <span class='ocrx_word' id='word_1_240' title='bbox 908 1564 1060 1593; x_wconf 83' lang='lat' dir='ltr'>cruento.</span> 
     </span>
    </p>

    <p class='ocr_par' dir='ltr' id='par_1_21' title="bbox 181 1603 1290 1737">
     <span class='ocr_line' id='line_1_35' title="bbox 182 1603 1290 1647; baseline 0.001 -10"><span class='ocrx_word' id='word_1_241' title='bbox 182 1603 293 1644; x_wconf 85' lang='lat' dir='ltr'>Quem</span> <span class='ocrx_word' id='word_1_242' title='bbox 309 1604 446 1637; x_wconf 79' lang='lat' dir='ltr'>Turnus</span> <span class='ocrx_word' id='word_1_243' title='bbox 463 1615 565 1647; x_wconf 87' lang='lat' dir='ltr'>super</span> <span class='ocrx_word' id='word_1_244' title='bbox 581 1605 750 1637; x_wconf 84' lang='lat' dir='ltr'>adsistens</span> <span class='ocrx_word' id='word_1_245' title='bbox 764 1616 771 1638; x_wconf 94' lang='lat'>:</span> <span class='ocrx_word' id='word_1_246' title='bbox 1222 1607 1290 1638; x_wconf 91' lang='grc'>490</span> 
     </span>
     <span class='ocr_line' id='line_1_36' title="bbox 181 1647 1200 1692; baseline 0.002 -10"><span class='ocrx_word' id='word_1_247' title='bbox 181 1651 202 1669; x_wconf 82' lang='grc'><strong>“</strong></span> <span class='ocrx_word' id='word_1_248' title='bbox 214 1649 374 1692; x_wconf 82' lang='lat' dir='ltr'>Arcades,</span> <span class='ocrx_word' id='word_1_249' title='bbox 390 1647 498 1691; x_wconf 88' lang='lat' dir='ltr'>haec‚&#39;’</span> <span class='ocrx_word' id='word_1_250' title='bbox 515 1648 642 1692; x_wconf 85' lang='lat' dir='ltr'>inquit,</span> <span class='ocrx_word' id='word_1_251' title='bbox 659 1649 854 1682; x_wconf 83' lang='lat' dir='ltr'>“memores</span> <span class='ocrx_word' id='word_1_252' title='bbox 870 1659 947 1682; x_wconf 85' lang='lat' dir='ltr'>mea</span> <span class='ocrx_word' id='word_1_253' title='bbox 964 1648 1059 1683; x_wconf 87' lang='lat' dir='ltr'>dicta</span> <span class='ocrx_word' id='word_1_254' title='bbox 1073 1649 1200 1684; x_wconf 81' lang='lat' dir='ltr'>referte</span> 
     </span>
     <span class='ocr_line' id='line_1_37' title="bbox 184 1694 1042 1737; baseline -0.001 -8"><span class='ocrx_word' id='word_1_255' title='bbox 184 1695 345 1730; x_wconf 81' lang='lat' dir='ltr'>Evandro</span> <span class='ocrx_word' id='word_1_256' title='bbox 359 1707 366 1729; x_wconf 89' lang='lat'>:</span> <span class='ocrx_word' id='word_1_257' title='bbox 392 1694 539 1736; x_wconf 85' lang='lat' dir='ltr'>Qualem</span> <span class='ocrx_word' id='word_1_258' title='bbox 555 1694 693 1737; x_wconf 87' lang='lat' dir='ltr'>meruit,</span> <span class='ocrx_word' id='word_1_259' title='bbox 713 1694 876 1728; x_wconf 81' lang='lat' dir='ltr'>Pallanta</span> <span class='ocrx_word' id='word_1_260' title='bbox 892 1695 1042 1728; x_wconf 85' lang='lat' dir='ltr'>remitto.</span> 
     </span>
    </p>
   </div>
   <div class='ocr_carea' id='block_1_7' title="bbox 1296 0 1345 1927">
    <p class='ocr_par' dir='ltr' id='par_1_22' title="bbox 1296 0 1345 1927">
     <span class='ocr_line' id='line_1_38' title="bbox 1296 0 1345 1927; baseline 0 0"><span class='ocrx_word' id='word_1_261' title='bbox 1296 0 1345 1927; x_wconf 95' lang='lat' dir='ltr'> </span> 
     </span>
    </p>
   </div>
  </div>
 </body>
</html>
