1320 1932
363 65 580 99 AENEIDOS
605 66 693 100 LIB.
721 66 823 102 VIII.
1083 67 1148 100 257

33 132 239 175 Velavitque
256 143 381 174 comas,
398 132 558 176 foliisque
575 132 704 165 innexa
720 131 897 176 pependit,

32 177 79 210 Et
97 188 190 211 sacer
206 177 366 221 implevit
383 177 542 210 dextram
559 177 719 220 scyphus.
769 177 872 210 Ocius
890 187 1006 210 omnes

34 222 78 255 In
95 233 249 256 mensam
266 222 339 255 laeti
355 221 477 265 libant,
495 221 661 265 divosque
678 226 874 266 precantur.

77 268 218 301 Devexo
235 267 369 301 interea
385 267 523 311 propior
539 267 580 300 fit
598 267 728 311 Vesper
746 267 904 311 Olympo.
1082 269 1149 300 280

32 312 182 356 Jamque
199 313 391 346 sacerdotes
407 313 539 356 primus
564 324 607 346 ue
625 312 776 346 Potitius
793 312 892 346 ibant

32 357 212 391 Pellibus
202 369 240 390 ln
256 369 385 391 morem
402 358 517 400 cincti,
560 369 759 401 ammasque
776 357 942 391 ferebant.

31 402 252 446 [Instaurant
269 402 398 447 epulas,
416 406 451 436 et
467 414 594 436 mensae
611 407 712 446 grata
729 403 889 436 secundae

31 448 132 482 Dona
147 448 276 491 ferunt,
293 448 543 491 cumulantque
559 448 709 481 oneratis
726 447 883 481 lancibus
900 446 1003 491 aras]

31 493 120 526 Tum
138 493 222 527 Salii
239 475 284 526 ad
301 497 423 526 cantus
441 493 582 526 incensa
599 493 724 527 altaria
741 493 872 526 circum

31 538 194 582 Populeis
211 538 339 572 adsunt
357 539 487 572 evincti
504 542 661 582 tempora
676 539 803 572 ramis·
795 565 804 580 ,

32 583 101 617 Hic
113 585 286 627 juvenum
303 583 436 626 chorus,
452 584 512 617 ille
529 595 661 626 senum,
678 584 738 627 qui
755 584 908 617 carmine
925 583 1045 617 laudes

33 629 222 662 Herculeas
239 633 273 662 et
289 629 384 662 facta
401 629 520 662 ferunt
534 641 541 662 :
566 633 607 662 ut
623 629 735 673 prima
751 639 905 662 novercae

32 673 190 708 Monstra
205 685 313 707 manu
329 674 551 718 geminosque
567 685 725 718 premens
743 674 871 707 eliserit
888 685 1018 717 angues
1033 686 1041 715 ;

33 719 82 752 Ut
98 719 188 753 bello
205 719 359 763 egregias
376 719 468 753 idem
485 719 658 763 disjecerit
675 719 786 761 urbes,
1081 721 1149 753 290

32 764 237 808 Trojamque
255 764 518 808 OEchaliamque
531 777 541 805 3
565 768 607 797 ut
623 764 725 797 duros
742 764 838 797 mille
855 763 988 798 labores

33 809 127 853 Rege
145 810 208 843 sub
224 809 427 853 Eurystheo,
443 809 526 842 fatis
538 809 694 843 ‘Junonis
710 809 850 853 iniquae,

31 854 229 888 Pertulerit.
276 854 358 886 “Tu
375 854 577 898 nubigenas,
595 855 734 897 invicte,
752 856 958 892 bimembres

32 900 264 944 Hylaeumque
281 899 498 942 Pholumque
514 911 622 933 manu
639 903 679 932 tu
697 899 811 933 Cresia
827 904 959 933 mactas

32 945 203 989 Prodigia,
222 949 256 978 et
273 949 412 979 vastum
428 945 560 979 Nemea
577 944 640 978 sub
655 956 742 989 rupe
759 945 902 978 leonem.

31 990 79 1024 'Pe
96 991 209 1034 Stygii
226 994 396 1024 tremuere
413 990 517 1033 lacus,
536 993 570 1023 te
582 990 715 1034 janitor
732 990 812 1024 Orci

33 1036 116 1070 Ossa
132 1047 235 1080 super
250 1035 417 1069 recubans
434 1039 534 1069 antro
552 1047 680 1069 semesa
697 1040 840 1069 cruento
856 1048 864 1076 ;

31 1081 66 1115 N
68 1093 104 1115 ec
122 1085 157 1115 te
173 1081 253 1114 ullae
271 1081 385 1124 facies,
402 1092 472 1114 non
489 1081 615 1114 terruit
632 1081 704 1124 ipse
721 1081 896 1125 Typhoeus

33 1127 172 1160 Arduus
188 1138 284 1160 arma
300 1129 421 1160 tenens
437 1139 446 1167 ;
470 1137 540 1159 non
556 1130 591 1159 te
607 1127 750 1160 rationis
767 1130 927 1170 egentem

32 1172 194 1205 Lernaeus
211 1171 314 1205 turba
331 1172 487 1216 capitum
504 1172 734 1205 circumstetit
751 1172 885 1215 anguis.
1080 1172 1148 1205 300

33 1217 144 1261 Salve,
162 1228 243 1251 vera
259 1217 285 1250 J
287 1217 358 1250 ovis
375 1217 496 1261 proles,
514 1217 619 1250 decus
635 1217 754 1250 addite
771 1217 880 1258 divis;

33 1262 80 1296 Et
96 1274 158 1296 nos
175 1266 210 1295 et
226 1267 289 1295 tua
305 1262 427 1295 dexter
443 1262 501 1295 adi
518 1262 605 1306 pede
623 1273 719 1296 sacra
736 1262 910 1296 secundo?

34 1307 132 1341 Talia
149 1307 359 1341 carminibus
376 1307 551 1340 celebrant
567 1319 574 1341 z
600 1318 702 1351 super
719 1307 834 1340 omnia
851 1307 932 1340 Caci

34 1352 243 1396 Speluncam
259 1352 440 1396 adjiciunt,
458 1353 715 1396 spirantemque
732 1352 871 1396 ignibus
887 1353 1010 1396 ipsum.

35 1398 205 1432 Consonat
222 1409 321 1431 omne
338 1409 459 1430 nemus
477 1398 633 1441 strepitu,
651 1398 821 1442 collesque
837 1398 1020 1432 resultant.

79 1443 173 1476 Exin
190 1455 225 1476 se
242 1443 360 1476 cuncti
377 1443 504 1476 divinis
520 1442 622 1476 rebus
638 1443 683 1477 ad
699 1443 820 1476 urbem

34 1488 201 1522 Perfectis
217 1489 382 1522 referunt.
431 1488 511 1522 Ibat
527 1500 589 1521 rex
606 1488 737 1522 obsitus
754 1499 836 1531 aevo,

33 1533 80 1567 Et
97 1535 259 1567 comitem
275 1534 410 1567 AEnean
422 1535 529 1578 juxta
545 1537 736 1578 natumque
752 1533 894 1568 tenebat

35 1579 251 1623 Ingrediens,
268 1579 431 1623 varioque
448 1580 541 1612 viam
559 1590 712 1613 sermone
729 1579 876 1613 levabat.

35 1624 196 1668 Miratur,
212 1625 399 1677 facilesque
417 1625 532 1658 oculos
548 1625 616 1658 fert
633 1625 749 1658 omnia
766 1625 897 1658 circum
1082 1627 1151 1659 310

35 1670 172 1713 AEneas,
187 1652 394 1714 capiturque
410 1670 518 1711 locis3
543 1674 578 1704 et
595 1670 732 1714 singula
748 1670 849 1704 laetus

37 1715 267 1760 Exquiritque
284 1716 452 1760 auditque
468 1716 584 1750 virum
599 1720 826 1750 monumenta
841 1715 1007 1760 priorum.

588 1771 605 1795 s
