1330 1932
415 86 635 120 AENEIDOS
661 86 748 121 LIB.
776 87 844 122 III.
1134 87 1198 120 149

87 151 189 185 Stans
206 151 297 185 celsa
313 152 350 186 in
367 153 478 197 puppi
492 164 500 186 :

83 197 158 239 ‘Di,
175 198 279 231 maris
296 202 331 232 et
348 203 447 232 terrae
465 200 781 242 tempestatumque
797 200 963 241 potentes,

82 242 184 276 Ferte
201 243 293 276 viam
311 248 414 277 vento
431 243 578 285 facilem,
595 246 630 276 et
648 242 776 286 spirate
794 242 955 275 'secundi’

85 285 311 320 Crebrescunt
329 291 457 331 optatae
474 299 577 328 aurae,
595 292 783 332 portusque
800 288 948 332 patescit
1135 291 1201 322 530

85 331 111 365 J
112 343 168 364 am
184 332 330 376 propior,
348 333 584 377 templumque
601 338 745 377 apparet
762 333 799 366 in
816 344 894 367 arce
911 333 1079 367 Minervae
1094 345 1101 368 :

86 376 173 410 Vela
188 377 311 421 legunt
328 379 419 421 socii,
438 383 473 411 et
489 390 607 422 proras
624 379 669 412 ad.
685 379 788 412 litora
805 382 978 423 torquent.

85 421 212 456 Portus
227 423 270 456 ab
288 435 390 457 euroo
407 424 518 457 fluctu
535 428 701 458 curvatus
718 425 755 457 in
772 435 892 458 arcum
906 437 915 465 ;

87 468 237 512 Objeetae
256 469 345 502 salsa
361 474 526 513 spumant
542 471 724 513 aspargine
743 475 860 503 cautes
875 483 881 503 :

87 513 169 558 Ipse
187 514 274 547 latet
288 527 296 555 3
321 515 459 558 gemino
476 515 668 548 demittunt
685 515 827 549 brachia
843 527 942 549 muro

86 559 218 592 Turriti
235 561 376 604 scopuli,
394 561 593 604 refugitque
610 561 653 594 ab
670 561 770 594 litore
787 562 968 605 templum.

88 605 244 646 Quatuor
260 605 327 649 hic,
345 606 495 650 primum
513 618 622 649 omen,
640 618 743 650 equos
762 607 798 639 in
815 607 971 649 gramine
988 607 1061 641 vidi

88 650 283 684 Tondentes
301 663 462 695 campum
479 652 559 693 late,
578 652 725 685 candore
741 652 859 686 nivali.

88 695 135 728 Et
152 700 252 739 pater
268 697 435 730 Anchises
451 709 456 716 ·
484 699 647 737 ‘Bellum‚
666 711 684 732 o
701 703 793 733 terra
810 699 954 742 hospita,
973 701 1108 742 portas;

87 741 185 774 Bello
202 746 382 775 armantur
399 743 496 785 equi3
513 743 643 775 bellum
659 743 733 775 haec
750 746 907 775 armenta
923 742 1113 776 minantur.
1136 745 1203 776 540

88 786 156 820 Sed
173 790 290 820 tamen
306 788 398 821 idem
415 788 497 821 olim
514 799 617 821 curru
634 788 815 820 succedere
832 787 922 820 sueti

90 832 347 876 Quadrupedes,
365 837 400 866 et
416 834 514 866 frena
527 835 614 877 jugo
631 833 812 866 concordia
828 832 917 866 ferre
931 845 940 874 3

86 878 168 918 Spes
185 882 219 911 et
236 879 350 922 pacis‚'
367 879 426 911 ait.
478 878 565 911 Tum
583 877 728 911 numina
744 882 862 911 sancta
879 889 1058 922 precamur

89 922 242 956 Palladis
259 924 446 967 armisonae,
464 935 540 967 quae
558 924 670 968 prima
687 924 820 968 accepit
838 928 980 957 ovantes
995 937 1003 964 ;

89 968 136 1002 Et
154 969 269 1012 capita
284 973 366 1003 ante
383 981 459 1002 aras
477 970 628 1013 Phrygio
645 970 802 1003 velamur
819 969 951 1002 amictu
965 982 973 1010 ;

90 1013 347 1058 Praeceptisque
364 1015 501 1058 Heleni,
520 1015 662 1048 dederat
679 1026 755 1059 quae
771 1015 936 1059 maxima,
953 1015 1021 1048 rite

90 1059 117 1093 J
118 1060 225 1092 unoni
242 1060 381 1104 Argivae
393 1062 507 1104 jussos
524 1061 701 1094 adolemus
717 1061 871 1094 honores.

134 1104 269 1137 “Haud
285 1115 381 1137 mora
395 1117 401 1138 :
427 1108 591 1139 continuo
608 1106 769 1149 perfectis
787 1106 905 1138 ordine
922 1105 1021 1140 votis.

92 1149 228 1182 Cornua
244 1149 441 1182 velatarum
459 1148 670 1182 obvertimus
687 1154 930 1193 antennarum,

93 1194 399 1238 Grajugenumque
416 1194 532 1227 domos
550 1199 776 1239 suspectaque
792 1195 983 1239 linquimus
1000 1207 1092 1230 arva.
1140 1198 1207 1229 550

93 1239 187 1272 Hinc
205 1240 300 1273 sinus
317 1240 491 1283 Herculei,
509 1240 537 1272 si
554 1251 635 1273 vera
651 1245 703 1274 est
719 1241 822 1283 fama,
837 1242 979 1275 Tarenti

94 1285 264 1319 Cernitur.
305 1285 447 1318 Attollit
464 1297 498 1318 se
516 1286 596 1318 diva
614 1286 756 1319 Lacinia
773 1290 901 1329 contra,

95 1330 324 1374 Caulonisque
341 1341 444 1373 arces,
462 1334 497 1364 et
513 1331 734 1374 navifragum
751 1331 964 1375 Scylaceum,

94 1376 184 1409 Tum
200 1376 321 1420 procul
338 1388 356 1409 e
372 1376 484 1409 fluctu
501 1377 677 1410 Trinacria
694 1377 848 1410 cernitur
864 1377 972 1411 AEtna
986 1390 994 1419 ;

93 1421 141 1455 Et
158 1422 327 1464 gemitum
344 1422 522 1465 ingentem
539 1422 654 1466 pelagi
671 1423 878 1467 pulsataque
897 1435 981 1458 saxa

94 1467 267 1500 Audimus
284 1467 396 1511 longe,
412 1467 609 1511 fractasque
625 1468 670 1501 ad
686 1468 789 1502 litora
805 1481 903 1503 voces
918 1481 926 1510 3

95 1513 356 1556 Exsultantque
373 1513 472 1557 vada,
489 1518 594 1557 atque
611 1518 698 1547 aestu
713 1514 902 1548 miscentur
919 1526 1040 1549 arenae.

95 1558 142 1592 Et
159 1562 258 1603 pater
274 1558 442 1592 Anchises
457 1571 463 1592 :
492 1562 502 1581 ‘
513 1562 689 1596 Nimirum
705 1560 779 1594 haec
796 1560 857 1593 illa
875 1559 1064 1602 Charybdis
1079 1570 1086 1599 ;

97 1604 170 1637 Hos
188 1604 343 1638 Helenus
361 1605 527 1648 scopulos,
543 1605 618 1638 haec
635 1616 718 1638 saxa
734 1605 905 1638 horrenda
922 1605 1076 1638 canebat.

96 1649 242 1694 Eripite,
259 1661 278 1683 o
296 1651 376 1683 socii
389 1663 397 1691 ;
422 1651 620 1694 pariterque
637 1651 807 1694 insurgite
823 1649 944 1684 remis.’
1143 1652 1211 1684 560

98 1695 206 1729 Haud
221 1696 337 1729 minus
354 1708 394 1729 ac
406 1696 496 1739 jussi
512 1697 666 1737 faciimt3
691 1697 890 1740 primusque
906 1697 1090 1730 rudentem

99 1741 271 1775 Contorsit
286 1742 390 1776 laevas
407 1753 544 1787 proram
562 1742 747 1776 Palinurus
764 1743 808 1776 ad
826 1743 936 1776 undas
952 1755 960 1781 ;
