1345 1927
433 51 652 85 AENEIDOS
676 51 764 86 LIB.
790 51 816 84 I.
1124 53 1168 84 95

63 118 132 152 Vos
148 121 184 151 et
201 118 382 162 Scyllaeam
398 117 529 151 rabiem
545 118 753 162 penitusque
771 90 945 151 sonanter:
1109 119 1177 151 200

61 163 216 197 Accestis
232 163 388 207 scopulos
402 175 410 204 ;
435 174 494 197 vos
511 166 546 196 et
564 163 727 207 Cyclopia
744 174 829 196 saxa

61 209 218 252 Experti.
266 208 438 241 Bevocate
455 208 596 251 animos,
613 212 842 251 maestumque
859 208 1018 241 timorem

61 254 206 287 Mittite.
254 254 384 287 Forsan
403 258 438 287 et
453 253 529 287 haec
547 254 630 287 olim
646 254 842 287 meminisse
855 253 1004 297 juvabit.

63 298 129 332 Per
144 299 256 332 varios
273 310 380 341 casus,
399 311 459 343 per
475 303 528 332 tot
545 299 746 332 discrimina
762 310 879 332 rerum

60 344 249 378 Tendimus
264 345 302 377 in
320 345 470 387 Latium,
488 345 583 377 sedes
600 344 660 377 ubi
676 344 751 377 fata
768 345 902 388 quietas

64 390 261 423 ostendunt
275 402 282 423 ε
307 390 379 423 11110
396 390 449 423 fas
465 401 573 433 regna
588 401 765 433 resurgere
782 390 902 433 OErojae,

62 435 204 478 Durate,
222 440 257 468 et
273 440 404 468 vosmet
420 435 522 469 rebus
540 439 672 469 servate
691 435 887 469 secundis.’'

109 481 207 514 Talia
223 492 305 514 voce
321 481 427 514 refert
441 494 449 522 ;
474 481 633 524 curisque
649 481 850 524 ingentibus
868 491 957 524 aeger

63 526 167 570 Spem
182 526 285 560 vultu
303 526 453 570 simulat,
470 527 598 570 premit
614 527 726 560 altum
743 527 842 560 corde
859 527 1019 560 dolorem.

64 572 123 605 Illi
140 583 175 605 se
191 572 316 616 praedae
334 572 522 616 accingunt
539 571 755 616 dapibusque
771 572 901 605 futuris
915 584 922 605 :
1109 574 1176 605 210

63 617 211 661 Tergora
227 617 405 661 deripiunt
421 618 533 660 costis,
550 623 586 651 et
602 618 733 651 viscera
748 618 884 651 nudant
899 630 907 659 ;

64 662 148 696 Pars
165 663 202 695 in
218 663 331 696 frusta
348 667 473 706 secant,
492 663 697 707 veribusque
714 664 899 697 trementia
915 663 1029 706 figunt
1042 675 1052 704 ;

64 708 179 741 Litore
196 708 309 741 ahena
324 709 441 742 locant
457 709 526 761 alii,
543 709 769 752 flammasque
784 709 995 742 ministrant.

64 754 154 786 'rum
170 754 267 787 victu
282 758 446 787 revocant
462 755 560 797 vires,
578 755 716 806 fusique
733 765 794 798 per
810 754 953 787 herbam

66 799 262 843 Implentur
278 800 402 832 veteris
419 800 548 833 Bacchi
564 800 775 843 pinguisque
791 799 919 832 ferinae.

65 845 254 888 Postquam
270 850 407 878 exemta
424 845 534 878 fames
550 845 672 889 epulis,
690 855 886 888 mensaeque
901 848 1050 887 remotae,

65 890 216 923 Amissos
232 890 334 933 longo
351 891 457 924 socios
475 902 628 924 sermone
644 891 836 934 requirunt,

66 935 237 979 Spemque
253 941 454 979 metumque
470 936 562 969 inter
579 936 685 979 dubii,
704 947 764 969 seu
781 936 895 970 vivere
912 936 1064 979 credant,

68 981 147 1014 Sive
164 986 319 1015 extrema
335 983 418 1026 pati,
436 993 499 1015 nec
511 983 586 1026 jam
602 982 767 1015 exaudire
784 986 931 1016 vocatos.

66 1026 244 1071 Praecipue
261 1027 338 1071 pius
354 1028 493 1070 AEneas,
510 1039 603 1060 nunc
621 1028 708 1061 acris
727 1027 857 1071 Oronti,
1113 1029 1180 1060 220

66 1072 100 1105 N
101 1083 170 1105 unc
187 1072 311 1116 Amyci
328 1084 445 1106 casum
462 1073 570 1116 gemit
587 1078 621 1106 et
639 1073 790 1107 crudelia
808 1084 924 1106 seeum

67 1117 156 1151 Fata
172 1085 277 1161 Lyci?
282 1119 475 1162 fortemque
493 1119 602 1162 Gyan,
618 1120 810 1162 fortemque
828 1119 897 1152 010
889 1119 1046 1152 tnthum.

113 1163 186 1197 Et
171 1175 246 1207 Jam
261 1164 340 1197 finis
358 1169 451 1197 erat:
477 1176 585 1208 quum
602 1165 743 1209 Jupiter
762 1165 888 1198 aethere
906 1176 1038 1198 summo

67 1208 268 1253 Despiciens
283 1220 378 1242 mare
394 1210 581 1243 velivolum
598 1214 774 1262 terrasque
786 1211 951 1254 jacenteS‚

68 1254 253 1298 Litoraque
269 1259 304 1288 et
320 1255 407 1288 latos
424 1256 577 1299 populos,
595 1256 642 1289 sic
659 1256 786 1289 vertice
803 1255 881 1289 coeli

70 1300 242 1343 Constitit,
260 1304 295 1333 et
312 1300 427 1344 Libyae
444 1301 566 1334 defixit
583 1301 716 1334 lumina
731 1301 855 1344 regnis

69 1345 185 1389 Atque
201 1346 303 1379 illum
318 1346 405 1379 tales
417 1347 611 1390 jactantem
627 1351 764 1390 pectore
781 1357 889 1389 curas,

69 1391 213 1424 Tristior
229 1396 264 1424 et
280 1391 430 1425 lacrimis
448 1392 562 1425 oeulos
580 1392 710 1425 suffusa
726 1393 878 1425 nitentes

70 1437 272 1480 Alloquitur
288 1437 426 1471 Venus:
451 1441 471 1457 “
484 1439 510 1473 O
529 1440 589 1483 qui
605 1450 659 1472 res
676 1438 924 1480 hominumque
942 1436 1111 1480 deumque

75 1482 224 1516 AEternis
240 1483 330 1526 regis
346 1483 509 1527 imperiis,
527 1488 562 1516 et
578 1483 725 1517 fuhnine
743 1487 859 1525 terres,
1115 1483 1193 1516 230*

73 1528 164 1569 Quid
180 1540 277 1561 meus
293 1529 448 1562 AEneas
438 1541 475 1561 111
492 1533 527 1562 te
544 1529 758 1562 committere
775 1510 925 1570 tantiim,

74 1574 165 1614 Quid
181 1574 286 1607 Troes
302 1579 454 1618 potuere,
472 1574 606 1618 quibus,
624 1578 676 1608 tot
691 1575 815 1607 funera
832 1575 950 1618 passis,

75 1619 229 1653 Cunctus
246 1619 288 1653 ob
306 1620 446 1653 Italiam
463 1624 633 1653 terrarum
650 1620 825 1653 clauditur
842 1620 931 1653 orbis
945 1620 958 1653 ’.Ι

75 1665 173 1698 Certe
190 1665 271 1698 hinc
289 1665 460 1699 Romanos
477 1666 569 1709 olim,
586 1665 804 1699 volventibus
821 1666 931 1708 annis,

58 1710 169 1754 xHinc
185 1711 258 1745 fore
274 1711 442 1755 ductores,
458 1716 616 1746 revocato
633 1723 654 1746 a
670 1712 838 1756 sanguine
855 1711 990 1755 Teucri,
