1320 1932
416 64 636 98 AENEIDOS
661 65 747 99 LIB.
772 63 813 99 X.
1101 67 1169 99 305

59 129 142 163 “Da
157 141 260 172 nunc,
278 129 407 173 Thybri
425 133 531 173 pater,
548 131 647 172 ferro,
665 131 756 174 quod
775 130 902 164 missile
919 131 1016 174 libro,

58 175 248 208 Fortunam
265 180 369 218 atque
386 176 478 208 viam
495 175 574 207 duri
591 186 650 218 per
667 180 787 218 pectus
807 176 938 209 Halesi.

58 220 144 253 Haec
161 232 256 253 arma
273 221 482 263 exuviasque
499 220 567 256 viri,
580 225 642 253 tua
659 232 804 263 quereus
820 221 995 255 habebit.”

55 264 180 297 Audiit
196 264 258 297 illa
275 264 359 297 deus
373 276 380 297 :
405 264 490 296 dum
506 263 597 297 texit
615 264 759 297 Imaona
776 264 936 307 Halesus,

56 310 204 347 Arcadio
220 309 345 342 infelix
361 309 430 342 telo
448 309 509 342 dat
525 313 646 352 peetus
663 310 844 343 inermum.

54 355 104 388 At
120 366 189 388 non
207 355 299 388 caede
315 355 380 388 viri
397 358 497 387 tanta
514 355 698 398 perterrita
714 355 857 398 Lausus,

54 399 139 433 Pars
156 400 278 443 ingens
295 400 386 442 belli,
405 400 489 432 sinit
505 400 644 443 agmina
661 411 667 433 :
692 401 825 443 primus
842 400 1014 434 Abantem

55 445 260 489 Oppositum
277 445 457 488 interimit,
474 456 602 489 pugnae
619 445 817 489 nodumque
834 457 1041 490 moramque.

54 490 231 524 Sternitur
247 491 406 524 Arcadiae
422 490 534 534 proles
548 502 555 524 :
581 495 785 524 sternuntur
801 491 940 524 Etrusci
954 504 963 532 ;

53 535 100 569 Et
116 548 185 579 vos,
202 547 221 569 o
240 536 350 570 Graiis
366 536 415 568 im
442 536 553 569 erdita
570 547 719 579 corpora,
737 536 868 570 Teucri.
1097 540 1165 571 430

52 581 204 624 Agmina
221 548 439 615 concur-runi)
448 581 662 624 ducibusque
679 586 714 614 et
730 582 861 615 viribus
879 582 995 626 aequis.

52 626 210 660 Extremi
227 627 418 660 addensent
435 627 524 659 acies
539 638 545 659 :
570 637 633 659 nec
650 626 753 660 turba
768 627 898 660 moveri

51 671 134 706 Tela
150 683 342 716 manusque
359 672 451 705 sinit.
500 671 594 705 Hinc
611 671 726 705 Pallas
744 672 853 706 instat
869 676 904 706 et
921 677 1032 717 urget,

51 716 146 751 Hine
163 722 283 751 contra
299 717 441 760 Lausus,
458 728 522 750 nec
538 717 690 750 multum
708 718 879 761 discrepat
897 723 990 761 aetas,

50 762 192 806 Egregii
207 763 326 796 formae
341 775 349 803 ;
375 763 432 795 sed
450 762 546 806 queis
562 762 703 795 fortuna
719 768 864 806 negarat

51 807 94 840 In
111 807 261 852 patriam
276 808 417 841 reditus.
466 808 561 851 Ipsos
580 819 779 841 concurrere
796 820 916 852 passus

51 853 157 886 Haud
174 858 292 886 tamen
307 853 398 886 inter
415 864 449 886 se
465 853 585 896 magni
600 857 762 896 regnator
780 853 941 898 Olympi:

51 898 134 931 Mox
151 899 228 931 illos
245 910 308 931 sua
323 898 397 932 fata
413 902 557 931 manent
572 900 701 942 majore
719 897 782 931 sub
798 899 905 932 hoste.

95 944 233 977 Interea
250 955 341 977 soror
358 943 450 977 alma
466 947 584 976 monet
601 955 796 977 succurrere
814 944 924 978 Lauso

49 989 215 1029 Turnum,
226 989 286 1032 qui
302 989 435 1023 volucri
451 1000 555 1022 curru
570 989 724 1022 medium
741 994 834 1023 secat
850 1001 985 1034 agmen.
1088 993 1157 1024 440

48 1032 96 1066 Ut
112 1033 201 1066 vidit
219 1032 343 1065 socios:
371 1034 388 1050 “
399 1033 547 1076 Tempus
565 1034 728 1068 desistere
745 1047 872 1079 pugnae
890 1050 898 1077 ;

47 1077 146 1110 Solus
164 1089 226 1120 ego
243 1077 280 1110 in
297 1077 462 1110 Pallanta
477 1079 567 1111 feror
584 1092 592 1119 3
618 1080 681 1112 soli
698 1081 786 1113 mihi
804 1081 919 1115 Pallas

46 1122 201 1156 Debetur
213 1135 224 1164 3
248 1134 409 1167 cuperem
424 1123 498 1167 ipse
512 1134 636 1167 parens
653 1130 827 1168 spectator
843 1127 1009 1162 adesset?

47 1169 133 1202 Haec
150 1169 201 1202 ait
214 1181 223 1210 3
249 1173 283 1202 et
299 1169 383 1212 socii
399 1173 574 1202 cesserunt
590 1181 726 1213 aequore
736 1173 842 1214 jusso.

45 1215 94 1248 At
112 1214 284 1248 Rutulum
301 1214 467 1257 abscessu,
480 1215 620 1258 juvenis
637 1220 712 1249 tum
723 1218 822 1260 jussa
838 1218 988 1262 superba

45 1260 195 1293 Miratus
214 1263 332 1303 stupet
348 1260 385 1292 in
401 1260 526 1302 Turno,
543 1271 733 1305 corpusque
749 1273 810 1306 per
826 1263 948 1307 ingens

45 1305 196 1338 Lumina
211 1305 330 1347 volvit,
347 1304 486 1349 obitque
502 1306 594 1338 truci
610 1307 729 1349 procul
746 1308 861 1342 omnia
877 1309 954 1342 visu
967 1321 977 1350 ;

46 1351 186 1383 Talibus
203 1355 238 1383 et
255 1350 357 1383 dictis
373 1350 402 1383 it
419 1354 538 1384 contra
554 1351 649 1384 dicta
663 1354 805 1395 tyranni
819 1365 826 1386 :

47 1395 65 1411 “
77 1396 149 1427 Aut
166 1394 282 1438 spoliis
300 1405 363 1438 ego
376 1396 450 1438 jam
466 1395 575 1438 raptis
595 1393 760 1429 laudabor
778 1396 911 1441 opimis,

47 1441 118 1472 Aut
134 1439 202 1472 leto
219 1439 358 1482 insigni.
407 1439 498 1473 Sorti
515 1443 614 1483 pater
631 1451 749 1484 aequus
766 1441 904 1485 utrique
921 1446 982 1476 est.
1094 1445 1165 1476 450

46 1484 141 1517 Tolle
156 1484 301 1517 minas.”
350 1484 458 1518 Fatus
474 1485 628 1518 medium
644 1486 801 1530 procedit
818 1487 855 1519 in
872 1498 1001 1531 aequor.

44 1531 207 1574 Frigidus
223 1529 414 1564 Arcadibus
431 1530 501 1563 coit
516 1530 554 1563 in
569 1531 759 1574 praecordia
775 1532 926 1574 sanguis.

44 1576 195 1609 Desiluit
211 1575 348 1609 Turnus
363 1575 492 1619 bijugis
505 1588 514 1616 3
537 1575 641 1619 pedes
658 1580 804 1620 apparat
820 1576 870 1609 ire

45 1621 216 1655 Cominus.
264 1621 382 1664 thue
398 1621 461 1663 leo,
479 1620 619 1664 specula
635 1632 744 1665 quum
759 1621 850 1655 vidit
866 1621 909 1655 ab
925 1622 999 1656 alta

45 1666 144 1700 Stare
159 1666 279 1710 procul
296 1666 427 1709 campis
443 1666 672 1699 meditantem
687 1666 725 1699 in
741 1667 862 1710 proelia
878 1670 1030 1712 taurum,

43 1711 218 1754 Advolat3
241 1711 337 1746 haud
353 1711 423 1746 alia
439 1714 492 1746 est
507 1710 617 1745 Turni
633 1711 803 1746 venientis
818 1712 942 1758 imago.

585 1766 611 1791 x
1006 1761 1012 1767 .
