1345 1927
181 86 250 118 254
490 83 528 118 P.
547 84 750 118 VIRGILII
775 84 944 118 MARON
947 84 989 118 IS

182 150 274 193 Ergo
293 154 337 193 et,
355 161 460 194 quam
476 151 606 194 petitis,
618 152 744 194 juncta
761 155 813 184 est
829 151 916 184 mihi
933 151 1061 184 foedere
1077 151 1222 185 dextra:

183 195 229 228 Et
246 196 308 228 lux
326 207 434 239 quum
450 196 601 240 primum
619 197 717 230 terris
735 208 769 230 se
786 197 937 230 crastina
953 196 1084 240 reddet,
1231 197 1297 230 170

183 240 326 274 Auxilio
343 241 439 274 laetos
456 241 642 283 dimittam,
660 242 849 285 opibusque
862 241 1002 284 juvabo.

185 285 322 319 Interea
339 296 435 319 sacra
450 286 534 329 haec,
553 287 690 330 quando
707 287 775 320 huc
792 287 934 320 venistis
951 287 1064 330 amici,

184 330 322 374 Annua,
341 342 417 375 quae
435 332 570 365 differre
587 333 694 374 nefas,
712 332 881 365 celebrate
898 333 1054 366 faventes

185 376 381 418 Nobiscum,
399 381 434 410 et
445 378 519 420 jam
537 388 630 410 nunc
649 378 817 410 sociorum
834 378 1019 410 assuescite
1035 377 1191 411 mensis.”

232 421 318 455 Haec
335 422 395 455 ubi
413 422 515 464 dicta,
533 423 638 466 dapes
650 422 751 465 jubet
768 427 803 456 et
820 423 957 456 sublata
973 423 1093 467 reponi

185 467 324 509 Pocula,
342 468 586 511 gramineoque
603 468 692 500 viros
709 467 800 501 locat
817 468 889 511 ipse
906 468 1005 501 sedili
1019 481 1028 509 ;

186 511 473 555 Praecipuumque
490 516 564 545 toro
581 517 617 546 et
633 513 745 546 villosi
762 513 852 556 pelle
868 513 976 546 leonis

186 557 325 601 Accipit
341 557 487 599 AEnean,
505 557 654 601 solioque
671 558 799 590 invitat
815 569 946 591 acerno.

187 602 276 635 Tum
293 602 374 635 lecti
387 604 533 645 juvenes
550 603 709 635 certatim
727 613 862 646 araeque
879 603 1035 636 sacerdos

189 647 331 681 Viscera
347 651 440 681 tosta
456 648 575 680 ferunt
592 651 780 690 taurorum,
799 652 1011 691 onerantque
1029 648 1188 682 canistris
1236 649 1302 681 180

188 692 289 726 Dona
307 693 470 726 laboratae
489 693 628 735 Cereris,
647 693 892 737 Bacchumque
909 693 1120 727 ministrant.

190 738 351 771 Vescitur
367 738 504 780 AEneas‚
522 739 625 771 simul
643 742 678 771 et
695 738 843 781 Trojana
855 740 1034 782 juventus,

190 783 355 827 Perpetui
372 788 468 826 tergo
485 783 591 826 bovis,
609 787 644 817 et
660 783 865 817 lustralibus
883 784 982 818 extis.
1220 821 1223 823 ,

237 829 425 872 Postquam
442 833 580 862 exemta
596 829 713 871 fames,
731 832 765 862 et
783 840 878 862 amor
895 840 1106 873 compressus
1123 828 1257 871 edendi,

192 874 267 907 Rex
284 874 466 907 Evandrus
483 875 533 908 ait
547 886 553 907 :
578 876 596 892 ‘⁶
610 876 687 908 Non
706 875 780 909 haec
798 875 964 909 solemnia
980 875 1088 916 nobis,

191 919 265 953 Has
283 931 326 953 ex
342 931 435 952 more
453 919 566 963 dapes,
584 919 674 952 hanc
691 920 783 952 tanti
799 920 953 952 numinis
970 931 1066 953 aram

193 965 293 998 Vana
310 965 508 1008 superstitio
525 969 750 1008 veterumque
767 965 889 1008 ignara
906 965 1048 998 deorum

193 1010 364 1054 Imposuit
378 1022 384 1043 :
411 1010 518 1053 saevis,
535 1010 658 1054 hospes
675 1010 829 1053 Troiane,
847 1010 984 1053 periclis

192 1055 327 1089 Servati
343 1056 499 1097 facimus,
517 1056 725 1098 meritosque
742 1067 909 1088 novamus
926 1055 1079 1089 honores.

192 1101 217 1134 J
220 1112 276 1134 am
292 1101 444 1145 primum
461 1101 552 1134 saxis
570 1112 771 1144 suspensam
788 1101 878 1133 hanc
895 1101 1009 1145 aspice
1025 1113 1148 1146 rupem
1162 1113 1168 1135 :
1242 1102 1308 1134 190

194 1147 357 1189 Disjeetae
374 1146 551 1190 procul'ut
567 1147 683 1188 moles,
701 1146 903 1189 desertaque
919 1147 1046 1180 montis

194 1191 272 1225 Stat
289 1192 419 1234 domus,
437 1196 472 1224 et
490 1192 622 1236 scopuli
637 1192 815 1234 ingentem
832 1197 969 1225 traxere
985 1193 1131 1226 ruinam.

195 1237 264 1270 Hic
281 1237 445 1281 spelunca
460 1237 539 1279 fuit,
556 1242 653 1270 vasto
671 1236 830 1270 submota
845 1248 988 1281 recessu,

195 1282 437 1316 semihominis
455 1282 534 1316 Caci
550 1283 656 1316 facies
673 1294 777 1326 quam
794 1283 870 1316 dira
887 1283 1036 1326 tenebat,

196 1328 283 1361 Solis
300 1328 509 1361 inaccessam
525 1328 631 1361 radiis
646 1341 654 1369 ;
680 1340 882 1372 semperque
898 1329 1028 1362 recenti

197 1373 296 1407 Caede
312 1373 453 1417 tepebat
469 1374 597 1407 humus
613 1387 620 1415 ;
644 1374 844 1417 foribusque
860 1374 966 1407 affixa
983 1374 1138 1419 superbis

198 1419 266 1452 Ora
282 1419 396 1452 virum
414 1419 506 1452 tristi
523 1419 721 1463 pendebant
738 1420 870 1464 pallida
886 1419 976 1453 tabo.

197 1464 292 1498 Huic
308 1469 461 1498 monstro
479 1465 658 1499 Vulcanus
675 1470 750 1498 erat
766 1469 866 1509 pater
880 1477 887 1499 τ
912 1465 1006 1498 illius
1022 1469 1115 1499 atros

198 1509 264 1543 Ore
281 1521 421 1543 vomens
438 1511 545 1554 ignes,
562 1522 690 1554 magna
707 1522 741 1544 se
757 1511 847 1543 mole
864 1510 1005 1545 ferebat.
1342 1548 1345 1555 Α

198 1555 332 1588 Attulit
349 1560 384 1589 et
400 1556 497 1589 nobis
514 1557 702 1600 aliquando
719 1556 920 1601 optantibus
937 1561 1021 1590 aetas
1244 1557 1312 1590 200

171 1600 179 1603 ⁷
198 1600 381 1634 Auxilium
397 1601 656 1645 adventumque
673 1601 737 1635 dei.
786 1602 876 1635 Nam
893 1602 1066 1635 maximus
1083 1601 1185 1645 ultor,

199 1645 394 1689 Tergemini
411 1658 494 1680 nece
512 1648 678 1691 Geryonae
696 1647 880 1691 spoliisque
898 1647 1074 1691 superbus,

199 1691 338 1724 Alcides
355 1692 484 1732 aderat,
503 1697 687 1736 taurosque
704 1693 769 1726 hac
786 1693 896 1726 victor
913 1693 1038 1737 agebat

200 1735 366 1779 Ingentes
381 1750 389 1778 ;
414 1738 609 1782 vallemque
625 1738 727 1772 boves
743 1749 949 1782 amnemque
966 1737 1140 1772 tenebant.
