1345 1927
131 82 199 115 390
431 80 468 115 P.
495 79 698 114 VIRGILII
724 78 938 113 MARONIS

130 149 205 181 Aut
222 158 339 182 crocus
356 147 492 182 alterna
508 150 721 192 conjungens
738 148 813 181 lilia
830 147 958 191 caltha,

131 194 326 237 Sparsaque
343 193 520 227 liminibus
537 194 635 227 floret
651 204 879 236 rosa,—-nunc
896 204 970 237 age,
988 193 1088 237 divae,

133 239 313 283 Praecipue
330 244 446 273 nostro
463 251 558 273 nunc
575 240 725 283 aspirate
743 238 863 279 labori,

130 285 246 328 Atque
262 296 391 318 novum
408 290 536 319 aeterno
554 286 736 329 praetexite
753 285 881 318 honore
898 284 1070 319 volumen.
1183 286 1250 318 100

177 330 268 364 Sunt
285 330 486 364 Pandioniis
503 331 627 364 vicinae
645 331 782 364 sedibus
799 330 911 374 urbes,

130 377 266 410 Actaeos
282 376 374 411 inter
391 377 493 410 colles
510 381 545 410 et
562 377 711 410 candida
728 376 850 410 Thesei

129 421 317 466 Purpureis
335 422 405 456 late
422 422 573 456 ridentia
590 422 693 456 litora
710 422 861 465 conchis,

129 467 285 509 Quarum
302 479 372 501 non
388 468 453 501 ulli
470 468 564 501 fama
581 468 766 501 concedere
784 468 892 511 digna

128 513 207 547 Stat
225 513 378 557 Megara,
396 513 507 546 Aetaei
524 513 699 557 quondam
717 514 855 546 munita
871 513 988 547 labore

129 559 301 600 Alcathoi,
321 559 512 603 Phoebique
522 571 530 599 3
556 559 641 592 deus
657 570 808 602 namque
825 558 928 592 affuit
944 558 1014 592 illi:

131 605 230 638 Unde
247 605 364 647 etiam,
383 605 526 638 citharae
543 616 642 638 voces
659 605 819 638 imitatus
836 608 967 647 acutas,

128 650 227 694 Saepe
243 650 332 694 lapis
348 654 505 694 recrepat
523 650 680 694 Cyllenia
695 661 841 683 munera
857 649 988 694 pulsus,

127 695 174 729 Et
191 700 345 729 veterem
362 696 478 729 sonitu
496 696 619 729 Phoebi
632 700 782 729 testatur
798 695 972 729 honorem.

128 741 231 775 Hanc
247 741 378 785 urbem,
397 746 478 775 ante
495 742 581 776 alios
598 742 658 786 qui
675 746 752 775 tum
769 741 913 775 florebat
929 742 967 775 in
983 740 1097 785 armis,
1182 743 1248 775 110

127 786 272 821 Fecerat
288 787 453 820 infestam
470 788 655 832 populator
671 787 802 830 remige
818 786 944 831 Minos,

126 832 289 877 Hospitio
305 833 398 877 quod
415 844 450 866 se
466 833 544 866 Nisi
561 833 724 877 Polyidos
741 833 847 874 avito,

127 878 355 922 Carpathium
372 878 510 922 fugiens
528 883 563 912 et
579 879 726 912 flumina
744 878 905 919 Caeratea,

125 924 282 958 Texerat.
332 923 437 957 Hunc
454 924 543 958 bello
560 929 719 968 repetens
738 924 925 968 Gortynius
941 923 1040 958 heros

125 970 246 1003 Attica
264 970 396 1004 Cretaea
413 970 589 1003 sternebat
605 981 687 1004 rura
704 970 842 1013 sagitta.

123 1014 192 1048 Sed
208 1027 321 1060 neque
338 1019 424 1049 tunc
442 1016 542 1058 cives,
561 1027 672 1060 neque
690 1019 775 1048 tunc
791 1026 854 1048 rex
871 1015 944 1059 ipse
962 1018 1102 1049 veretur

126 1061 257 1094 Infesto
274 1061 319 1095 ad
335 1073 452 1094 muros
469 1061 655 1094 volitantes
672 1061 812 1105 agmine
829 1065 962 1094 turmas

123 1107 269 1150 Ducere,
287 1110 322 1140 et
338 1107 509 1140 indomita
526 1107 658 1140 virtute
675 1107 860 1140 retundere
876 1113 1021 1149 mentes,

124 1152 340 1197 Responsum
357 1152 521 1197 quoniam
539 1153 622 1186 satis
639 1157 691 1186 est
707 1152 903 1186 meminisse
921 1152 1072 1186 deorum.

122 1197 214 1231 Nam
232 1199 346 1243 capite
362 1210 384 1232 a
401 1210 534 1232 summo
551 1198 651 1242 regis,
668 1197 827 1232 mirabile
844 1198 953 1241 dictu,
1177 1199 1242 1231 120

123 1244 280 1278 Candida
296 1244 451 1278 caesaries
466 1257 474 1284 ;
499 1244 668 1278 florebant
685 1248 841 1288 tempora
857 1243 955 1278 lauro
969 1256 979 1285 ς

121 1289 170 1323 At
185 1301 301 1323 roseus
318 1290 431 1323 medio
449 1290 607 1333 fulgebat
625 1290 754 1323 vertice
771 1289 886 1332 crinis,

122 1336 229 1379 Cujus
247 1347 352 1380 quam
368 1340 504 1369 servata
522 1336 583 1370 diu
600 1340 729 1369 natura
744 1336 878 1378 fuisset,

121 1381 206 1414 Tam
223 1382 375 1425 patriam
391 1381 600 1415 incolumem
618 1381 694 1415 Nisi
711 1392 928 1425 regnumque
943 1380 1116 1425 futurum,

121 1427 311 1460 Concordes
329 1427 446 1460 stabili
462 1428 647 1461 firmarunt
664 1428 809 1461 numine
827 1427 954 1461 Parcae.

121 1472 212 1517 Ergo
230 1473 341 1506 omnis
359 1484 436 1506 caro
452 1472 626 1507 residebat
643 1484 727 1507 cura
744 1473 879 1517 capillo,

119 1519 235 1552 Aurea
253 1519 396 1552 solemni
414 1523 568 1552 comtum
586 1530 724 1563 quoque
740 1519 850 1552 fibula
865 1519 939 1552 ritu

118 1563 299 1608 Mopsopio
316 1565 420 1598 tereti
437 1565 600 1598 nectebat
617 1565 722 1599 dente
739 1565 878 1598 cicadae.

165 1610 239 1643 Nec
256 1621 336 1643 vero
353 1610 426 1644 haec
444 1611 540 1644 vobis
558 1611 716 1644 custodia
732 1622 823 1644 vana
840 1610 973 1652 fuisset,

117 1654 191 1688 Nec
208 1655 334 1698 fuerat,
352 1656 419 1689 nisi
437 1656 562 1700 Scylla,
581 1668 669 1690 novo
686 1660 854 1700 concepta
871 1656 996 1697 furore,
1177 1656 1243 1689 130

117 1699 244 1744 Scylla,
263 1701 372 1745 patris
389 1702 506 1735 miseri
523 1702 715 1746 patriaeque
731 1702 876 1736 inventa
893 1700 1101 1745 sepulcrum,

119 1745 146 1780 Ο
166 1746 314 1780 nimium
332 1748 468 1791 cupidis
486 1747 515 1782 si
531 1759 601 1782 uon
618 1748 787 1782 inhiasset
804 1747 939 1782 ocellis!
