1345 1927
97 64 165 96 400
406 62 444 97 P.
470 62 675 97 VIRGILII
701 62 916 97 MARONIS

100 129 164 163 Vel
182 141 264 163 casu
280 129 430 174 incepto,
446 130 572 164 merita
588 131 643 164 vel
661 131 810 175 denique
828 130 940 175 culpa.

99 175 225 209 Omnia
242 187 324 208 nam
340 176 466 220 potius,
484 188 589 220 quam
606 181 641 210 te
657 177 794 219 laesisse,
812 173 970 220 putabo.”

144 221 290 254 Labitur
305 221 438 255 interea
453 222 611 256 revoluta
628 223 671 256 ab
688 223 789 256 litore
805 222 935 265 classis,

97 266 230 310 Magna
245 267 427 311 repentino
445 267 631 301 sinuantur
647 269 756 302 lintea
774 268 867 311 Coro,
1150 270 1218 300 460

98 312 271 345 Flectitur
286 313 324 345 in
341 313 444 346 viridi
461 325 575 347 remus
593 314 672 357 sale,
690 313 858 357 languida
874 314 972 347 fessae

99 358 254 402 Virginis
271 359 309 391 in
326 369 430 392 cursu
446 360 595 393 moritur
612 360 828 403 querimonia
844 359 956 403 longo.

97 403 234 438 Deserit
251 405 410 448 angustis
427 405 603 438 inclusum
619 406 779 438 faucibus
798 405 967 439 Isthmon.

100 449 291 494 Cypselidae
308 451 428 493 magni
444 450 603 484 florentia
620 462 728 495 regna
746 451 903 484 Corinthi
918 463 926 492 ;

98 495 261 528 Praeterit
278 495 444 539 abruptas
462 496 612 529 Scironis
630 497 788 540 protinus
806 508 910 540 arces,

98 541 341 585 Infestumque
359 542 428 574 suis
446 542 529 574 dirae
547 542 735 577 testudinis
753 542 827 575 exit

97 587 279 630 Spelaeum,
296 587 476 631 multoque
493 592 654 621 cruentas
671 588 808 632 hospite
825 592 953 622 cautes.

97 633 250 676 Jamque
267 633 352 666 adeo
370 637 489 666 tutum
505 633 608 677 longe
625 633 757 667 Piraeea
773 634 896 677 cernit,

96 678 144 712 Et
160 683 260 712 notas
278 690 404 721 secum,
422 679 490 712 heu
506 679 646 722 frustra,
663 684 836 723 respectat
853 679 1018 714 Athenas.

98 725 124 758 J
126 736 183 758 am
199 725 319 769 procul
337 736 355 757 e
371 725 483 758 fluctu
500 725 635 758 Minoia
651 725 793 769 respicit
810 737 903 768 arva,
1150 725 1219 759 470

100 770 351 814 Florentesque
368 771 464 804 videt
475 772 551 815 jam
570 771 748 815 Cycladas,
765 771 848 804 hinc
866 770 1148 815 Strophadasque
1161 783 1171 812 ;

98 816 192 850 Hinc
210 816 315 859 sinus,
333 816 415 849 hinc
433 817 536 850 statio
554 821 674 850 contra
691 821 790 860 patet
808 817 1027 851 Hermionea.

97 861 288 906 Linquitur
307 866 390 895 ante
408 862 494 895 alias
511 863 613 906 longe
630 863 829 906 gratissima
845 862 949 896 Delos

96 908 130 941 N
132 908 290 941 ere'idum
305 908 410 941 matri
427 913 463 941 et
479 908 646 952 Neptuno
662 908 794 951 AEgaeo.

97 953 268 998 Prospicit
284 954 475 987 incinctam
493 954 671 998 spumanti
687 954 788 987 litore
805 953 967 997 Cythnon

96 999 396 1043 Marmoreamque
414 1000 537 1042 Paron,
554 1000 770 1043 viridemque
787 999 920 1043 allapsa
936 1000 1116 1034 Donusam

97 1045 330 1089 AEginamque
347 1046 451 1078 simul
469 1046 794 1089 sementiferamque
812 1045 1006 1089 Seriphum.

97 1091 225 1124 Fertur
242 1096 277 1124 et
294 1091 435 1124 incertis
447 1092 604 1135 jactatur
620 1091 664 1124 ad
683 1091 799 1124 omnia
815 1091 938 1133 ventis,

97 1137 229 1181 Cymba
244 1136 342 1170 velut
358 1148 503 1180 magnas
521 1137 678 1181 sequitur
695 1148 803 1180 quum
819 1136 966 1180 parvula
981 1136 1115 1180 classes,

96 1183 182 1216 Afer
198 1187 233 1215 et
250 1182 394 1216 hiberno
411 1182 602 1216 bacchatur
618 1183 655 1215 in
673 1193 807 1226 aequore
824 1181 926 1215 turbo
941 1194 948 1216 ε
1149 1184 1218 1216 480

96 1228 215 1262 Donec
232 1228 303 1262 tale
321 1229 425 1261 decus
442 1229 560 1261 form-‘e
578 1229 729 1270 vexavit,
747 1232 783 1261 et
801 1239 908 1271 aegros

96 1274 177 1308 Non
194 1274 288 1317 tulit,
306 1278 341 1307 et
357 1275 498 1307 miseros
514 1274 667 1307 mutavit
684 1274 831 1318 virginis
848 1278 954 1317 artus,

98 1320 250 1353 Caeruleo
267 1320 401 1364 pollens
419 1321 547 1364 conjux
565 1320 743 1364 Neptunia
760 1330 876 1363 regno.

97 1365 163 1399 Sed
181 1370 300 1399 tamen
317 1370 497 1399 externam
515 1366 666 1410 squamis
679 1366 805 1399 vestire
822 1365 986 1410 puellam,

97 1411 294 1455 Infidosque
311 1412 403 1445 inter
420 1416 576 1445 teneram
593 1411 808 1445 committere
825 1411 934 1455 pisces

95 1457 175 1491 Non
192 1457 513 1490 statuit—nimium
529 1462 581 1491 est
598 1457 740 1490 avidum
756 1468 861 1500 pecus
878 1456 1110 1501 Amphitrites
1121 1468 1179 1498 3-

96 1503 216 1537 Aereis
234 1503 349 1547 potius
367 1503 549 1536 sublimem
566 1503 710 1536 sustulit
726 1503 800 1544 alis,

96 1548 195 1582 Esset
211 1554 251 1582 ut
267 1549 305 1582 in
322 1549 422 1582 terris
439 1549 525 1582 sacti
542 1549 585 1582 de
602 1549 741 1581 nomine
759 1548 854 1591 Ciris,

95 1594 181 1628 Ciris
199 1595 374 1638 Amyclaeo
391 1595 571 1628 formosior
587 1606 707 1627 ansere
724 1594 834 1628 Ledae.

94 1640 145 1673 Ac
162 1640 260 1673 velut
276 1641 314 1673 in
330 1641 431 1674 niveo
448 1644 576 1674 tenerae
594 1651 704 1684 quum
720 1640 882 1684 primitus
899 1650 962 1674 ovo
1147 1639 1215 1673 490

93 1685 235 1729 Effigies
253 1686 442 1720 animantis
460 1690 495 1719 et
511 1686 709 1720 internodia
725 1685 889 1719 membris

95 1730 306 1776 Imperfecta
322 1743 410 1766 novo
427 1731 569 1766 fluitant
587 1736 747 1766 concreta
764 1731 898 1766 calore:

1323 0 1340 85 Q..-
