1345 1927
107 60 172 93 148
419 59 457 94 Ρ.
484 59 687 94 VIRGILII
714 61 878 95 MARON
888 61 929 94 IS

111 125 156 158 Et
174 136 267 159 nunc
286 125 412 170 aequali
430 129 546 160 tecum
564 126 765 171 pubesceret
783 126 877 161 aevoss

110 171 184 204 Hos
202 183 265 214 ego
283 172 480 215 digrediens
498 173 650 206 lacrimis
667 173 798 207 affabar
815 172 964 206 obortis:

110 217 119 234 ‘
131 217 249 251 Vivite
266 217 392 261 felices,
411 218 535 262 quibus
552 223 604 252 est
621 219 764 252 fortuna
781 223 923 263 peracta

109 262 135 296 J
137 274 194 295 am
211 274 294 296 sua:
319 274 381 296 nos
399 265 468 297 alia
484 276 527 298 ex
545 264 622 297 aliis
640 265 677 297 in
694 265 768 297 fata
786 275 958 298 vocamur.

111 307 216 341 Vobis
232 312 334 353 parta
351 310 448 353 quies
463 322 471 351 ς
495 310 633 343 nullum
650 311 754 343 maris
772 321 887 354 aequor
903 308 1076 343 arandum
1090 319 1099 349 ;

110 353 205 387 Arva
221 366 334 398 neque
350 355 523 399 Ausoniae,
541 367 674 400 semper
691 356 851 390 cedentia
867 360 969 397 retro,

112 399 315 440 Quaerenda.
363 400 524 445 Effigiem
541 401 674 435 Xanthi
692 402 897 446 Trojainque
915 399 1051 443 videtis,

113 445 226 486 Quam
243 450 365 480 vestrae
382 447 494 480 fecere
511 459 645 490 manus,
662 448 871 490 melioribus,
889 451 980 491 opto,

112 491 296 535 Auspiciis,
314 496 349 525 et
367 503 444 536 quae
462 493 569 526 fucrit
585 493 701 526 minus
718 493 819 527 obvia
838 493 958 526 Graiis.

113 536 150 570 Si
167 537 306 580 quando
323 537 490 581 Thybrim
507 539 690 582 vicinaque
707 539 891 582 Thybridis
908 550 992 572 arva
1166 537 1236 569 500

114 582 260 626 Intraro,
278 583 443 626 gentique
459 595 546 617 meae
564 584 647 617 data
664 585 792 618 moenia
809 596 958 627 cernam,

114 628 286 671 Cognatas
304 629 404 662 urbes
422 629 504 662 olim
522 630 735 674 populosque
752 630 963 674 propinquos

114 673 229 717 Epiro,
249 674 602 719 Hesperia,——-quibus
619 675 711 709 idem
729 676 914 709 Dardanus
931 679 1053 709 auctor
1068 694 1071 695 ν

114 719 230 763 Atque
247 720 340 753 idem
357 732 623 764 casus‚—unam
639 722 806 755 faciemus
824 725 1009 765 utramque

119 765 257 809 Trojam
274 767 410 809 animis.
459 767 603 800 Maneat
620 773 753 800 nostros
770 778 809 798 ca
828 777 911 798 cura
928 765 1093 808 nepotes?

165 811 422 845 “Provehimur
439 813 562 856 pelago
581 813 695 846 vicina
713 811 883 845 Ceraunia
895 811 1010 854 juxta,

116 855 219 888 Unde
235 856 302 889 iter
320 856 461 889 Italiam
478 867 668 900 cursusque
684 857 905 890 brevissimus
922 856 1035 890 undis.

117 900 176 934 Sol
192 901 265 934 ruit
281 901 424 944 interea,
442 906 478 935 et
494 907 628 936 montes
645 903 854 936 umbrantur
871 902 970 946 opaci
984 914 991 936 ε

118 945 314 980 sternimur
330 951 459 992 optatae
476 948 606 992 gremio
624 948 759 982 telluris
777 948 821 981 ad
839 949 981 990 undam,

119 992 240 1026 Sortiti
256 1004 376 1036 remos,
394 994 591 1038 passimque
609 995 646 1027 in
662 994 763 1027 litore
781 995 868 1027 sicco
1171 993 1241 1026 510

120 1038 269 1082 Corpora
286 1050 447 1072 curamus
462 1052 470 1080 ;
495 1040 599 1073 fessos
618 1052 716 1084 sopor
733 1041 855 1083 irrigat
873 1046 978 1073 artus.

119 1084 279 1118 Necdum
296 1085 412 1118 orbem
429 1086 583 1119 medium
601 1086 679 1119 Nox
697 1086 789 1118 horis
806 1090 885 1119 acta
903 1085 1043 1119 subibat
1057 1097 1064 1119 :

120 1130 228 1163 Haud
246 1131 359 1174 segnis
377 1135 485 1164 strato
503 1132 615 1175 surgit
633 1132 830 1174 Palinurus,
848 1137 883 1166 et
901 1143 1018 1165 omnes

121 1175 291 1220 Explorat
308 1181 438 1219 ventos,
456 1181 562 1221 atque
579 1177 722 1210 auribus
739 1179 821 1211 aera
838 1181 958 1221 captat
975 1189 984 1218 ;

121 1221 242 1255 Sidera
258 1227 386 1256 cuncta
403 1227 502 1256 notat
520 1223 627 1256 tacito
643 1223 798 1256 labentia
815 1223 910 1266 coelo,

121 1267 321 1311 Arcturum,
339 1268 552 1312 pluviasque,
563 1269 716 1312 Hyadas,
734 1269 957 1313 geminosque
974 1268 1124 1310 Triones,

122 1314 377 1358 Armatumque
394 1326 477 1347 auro
495 1314 731 1359 circumspicit
749 1315 885 1348 Oriona.

123 1359 313 1403 Postquam
329 1364 455 1393 cuncta
473 1360 568 1393 videt
586 1361 670 1394 coelo
688 1364 845 1394 constare
863 1371 990 1403 sereno,

123 1405 194 1439 Dat
211 1405 344 1438 clarum
362 1417 380 1438 e
397 1407 508 1450 puppi
525 1407 664 1450 signum
679 1419 685 1440 :
712 1418 772 1439 nos
789 1410 903 1440 castra
918 1417 1105 1449 movemus,

124 1451 381 1495 Tentamusque
398 1453 500 1494 viam,
519 1457 555 1486 ct
572 1452 726 1485 velorum
744 1453 930 1496 pandimus
946 1452 1029 1485 alas.
1178 1452 1246 1484 520

124 1496 276 1540 Jamque
293 1497 495 1531 rubescebat
513 1498 621 1531 stellis
639 1498 774 1532 Aurora
790 1498 921 1541 fugatis
936 1510 945 1539 3

126 1542 244 1583 Quum
261 1543 381 1587 procul
399 1543 558 1576 obscuros
576 1544 678 1577 colles
695 1544 933 1588 humilemque
950 1543 1108 1578 videmus

126 1588 277 1622 Italiam.
317 1588 458 1622 Italiam
476 1590 608 1633 primus
626 1589 821 1623 conclamat
839 1590 991 1623 Achates
1006 1602 1015 1630 ;

127 1633 270 1667 Italiam
287 1634 368 1668 loeto
385 1635 467 1668 socii
484 1635 632 1668 clamore
649 1636 814 1669 salutant.

126 1678 215 1711 Tum
233 1683 332 1723 pater
349 1681 516 1713 Anchises
534 1692 702 1724 magnum
718 1685 853 1714 cratera
870 1692 995 1714 corona

128 1723 260 1768 Induit,
279 1726 507 1772 implevitque
524 1738 626 1770 mero,
645 1727 810 1772 divosque
828 1727 965 1761 vocavit
