1330 1932
392 61 616 97 AENEIDOS
640 61 729 94 LIB.
755 59 797 95 V.
1089 59 1154 92 187

32 131 118 165 Haec
134 131 230 165 fatus
247 131 423 175 duplicem
439 142 483 164 ex
499 129 654 163 humeris
670 128 792 173 rejecit
809 127 988 169 amictum,

31 178 78 211 Et
94 189 237 221 magnos
253 177 488 210 membrorum
507 179 615 217 artus,
632 185 761 217 magna
778 185 854 207 ossa
869 173 1087 215 lacertosque

32 223 153 266 Exuit,
170 226 276 267 atque
291 223 415 266 ingens
431 222 547 255 media
563 221 723 254 consistit
740 231 855 253 arena.

31 269 121 302 Tum
138 272 234 302 satus
251 268 406 301 Anchisa
423 272 536 301 cestus
553 271 654 311 pater
670 266 800 299 extulit
818 275 942 308 aequos,

31 315 78 348 Et
94 313 235 359 paribus
252 314 385 359 palmas
403 314 583 347 amborum
600 312 765 345 innexuit
782 311 896 344 armis.

32 360 198 394 Constitit
214 360 252 393 in
269 360 397 403 digitos
414 359 590 403 extemplo
607 361 763 392 arrectus
780 361 941 399 uterque,

31 406 250 450 Brachjaque
267 406 312 439 ad
330 417 471 449 superas
487 404 670 438 interritus
688 403 819 437 extulit
836 413 947 436 auras.

31 451 219 485 Abduxere
236 456 328 485 retro
345 451 448 495 longe
465 451 583 495 capita
599 450 709 483 ardua
726 449 769 482 ab
787 449 869 490 ictu,

33 498 304 541 Immiscentque
320 508 445 530 manus
461 496 634 538 manibus,
651 505 878 539 pugnamque
895 493 1072 527 lacessunt
1088 503 1095 532 ;

33 543 102 577 Ille
119 543 248 588 pedum
264 543 386 576 melior
402 547 502 576 motu
518 542 699 585 fretusque
712 542 870 584 juventa,
1090 539 1160 571 430

33 589 102 622 Hic
118 589 281 622 membris
299 593 334 622 et
350 589 440 622 mole
457 588 576 622 valens
591 599 597 620 ε
624 587 683 620 sed
700 587 802 619 tarda
819 584 982 619 trementi

34 635 156 668 Genua
173 634 295 668 labant
310 647 318 675 ;
343 638 458 667 vastos
475 633 591 678 quatit
608 644 698 676 aeger
714 632 891 666 anhelitus
909 635 1015 665 artus..

34 680 152 714 Multa
169 680 235 713 viri
252 680 490 724 nequidquam
507 680 599 712 inter
617 690 651 712 se
669 678 816 712 vulnera
828 679 977 721 jactant,

33 726 152 760 Multa
169 737 254 759 cavo
270 726 373 759 lateri
390 725 620 769 ingeminant,
639 728 674 757 et
691 728 830 768 pectore
847 727 962 756 vastos

34 771 130 805 Dant
148 771 281 805 sonitus
296 783 303 805 :
329 775 490 814 erratque
507 781 607 803 aures
624 774 659 803 et
677 773 834 813 tempora
851 769 983 801 circum

35 817 161 850 Crebra
176 828 302 850 manus
318 829 326 857 ;
351 816 437 849 duro
455 816 630 860 crepitant
648 815 711 848 sub
728 815 872 847 vulnere
889 814 999 848 malae.

34 863 113 897 Stat
129 863 245 906 gravis
263 862 434 904 Entellus,
450 862 600 905 nisuque
616 861 782 894 immotus
800 860 920 893 eodem

35 909 180 953 Corpore
197 908 269 942 tela
285 908 387 941 modo
405 912 510 952 atque
527 907 636 940 oculis
658 906 888 950 vigilantibus
906 905 990 940 exit.

35 955 109 997 Ille,
126 954 225 988 velut
242 954 370 987 celsam
387 957 568 998 oppugnat
586 953 646 997 qui
662 952 812 986 molibus
829 952 951 985 urbem

34 1001 108 1034 Aut
123 1005 291 1034 montana
308 1000 404 1033 sedet
421 1000 552 1033 circum
569 999 712 1033 castella
730 998 794 1031 sub
812 998 926 1041 armis,
1093 998 1162 1029 440

34 1046 138 1079 Nunc
155 1046 226 1090 hos,
244 1057 340 1079 nunc
356 1046 433 1079 illos
451 1045 577 1087 aditus,
596 1055 803 1088 omnemque
820 1047 977 1088 pererrat

34 1092 121 1126 Arte
138 1092 263 1135 locum,
281 1095 318 1125 et
334 1092 440 1125 variis
458 1090 648 1124 assultibus
665 1091 785 1124 irritus
802 1094 914 1133 urget.

36 1138 197 1172 Ostendit
214 1138 374 1171 dextram
391 1138 575 1180 insurgens
592 1137 763 1177 Entellus,
781 1140 815 1170 et
833 1136 903 1169 alte

35 1184 177 1218 Extulit
191 1196 197 1217 :
223 1184 283 1217 ille
300 1184 411 1217 ictum
428 1184 627 1216 venientem
645 1195 665 1216 a
682 1182 811 1216 vertice
829 1182 931 1216 velox

35 1229 212 1272 Praevidit,
231 1229 402 1276 celerique
419 1229 557 1273 elapsus
575 1240 714 1272 corpore
735 1228 846 1261 cessit.

36 1275 199 1309 Entellus
217 1275 307 1309 vires
324 1276 362 1308 in
378 1279 525 1308 ventum
542 1274 676 1316 effudit,
694 1278 730 1307 et
746 1274 840 1307 ultro

37 1321 117 1365 Ipse
134 1321 249 1364 gravis
266 1321 488 1364 graviterque
505 1320 550 1353 ad
567 1323 695 1354 terram
712 1319 864 1364 pondere
880 1322 979 1353 vasto

37 1367 198 1401 Concidit
212 1379 219 1400 t
244 1372 287 1400 ut
304 1367 479 1411 quondam
497 1378 583 1399 cava
600 1366 752 1399 concidit
769 1369 832 1399 aut
849 1364 1077 1410 ErymanthO,

37 1413 112 1446 Aut
131 1413 196 1446 Ida
212 1413 250 1446 in
266 1424 396 1456 magna
411 1412 588 1446 radicibus
605 1416 706 1445 eruta
722 1412 836 1456 pinus.

38 1459 262 1502 Consurgunt
279 1458 404 1492 studiis
423 1458 547 1491 Teucri
564 1462 599 1491 et
616 1457 794 1491 Trinacria
810 1455 920 1501 pubes
934 1469 943 1498 3
1096 1457 1166 1489 450

38 1505 74 1538 It
90 1505 221 1538 clamor
238 1505 322 1538 coelo
336 1517 343 1545 3
368 1504 569 1548 primusque
586 1503 739 1537 accurrit
756 1503 907 1544 Acestes,

37 1551 316 1595 AEquaevumque
334 1550 377 1584 ab
394 1550 501 1583 humo
517 1550 686 1583 miserans
702 1549 836 1583 attollit
853 1549 1016 1582 amicum.

37 1596 87 1630 At
103 1608 174 1630 non
191 1597 351 1630 tardatus
370 1608 453 1630 casu
468 1607 581 1640 neque
598 1596 741 1629 territus
757 1595 857 1628 heros

38 1642 161 1676 Acrior
178 1643 222 1676 ad
239 1654 396 1687 pugnam
413 1642 514 1684 redit,
532 1653 572 1675 ac
589 1642 661 1675 vim
679 1642 826 1674 suscitat
843 1641 896 1674 ira
910 1652 919 1682 3

39 1688 131 1721 Tum
147 1689 261 1732 pudor
277 1689 435 1722 incendit
452 1688 542 1721 vires
560 1692 595 1721 et
612 1687 749 1721 conscia
765 1687 879 1720 virtus
895 1699 903 1727 ;

41 1735 331 1779 Praecipitemque
348 1735 465 1768 Daren
482 1734 606 1768 ardens
623 1734 698 1778 agit
715 1744 850 1778 aequore
868 1736 952 1776 toto,
