1345 1927
96 85 165 117 406
397 84 434 118 P.
453 85 659 119 VIRGILII
679 85 894 119 MARONIS

98 152 245 185 Venales
263 152 394 186 olerum
411 153 519 186 fasces
536 153 699 198 portabat
717 154 752 186 in
770 153 912 194 urbem;
1171 155 1216 188 80

100 197 187 231 Inde
205 198 344 231 domum
364 199 494 232 cervice
512 199 607 241 levis,
625 200 740 243 gravis
752 203 835 242 ‘aere,
852 199 997 242 redibat,

100 243 168 276 Vix
185 254 341 287 unquam
358 244 483 277 urbani
500 245 685 278 comitatus
702 256 814 278 merce
831 245 978 279 macelli.

98 289 190 333 Cepa
206 289 333 322 rubens
350 290 503 334 sectique
519 291 647 324 famem
665 291 783 324 domat
801 302 880 324 area
896 291 998 335 porri,
1050 301 1060 308 ·

98 334 253 378 Quaeque
271 335 418 369 trahunt
435 336 506 369 acri
523 336 642 370 vultus
659 337 833 370 nasturtia
849 348 974 377 morsu,

99 380 348 424 Intubaque,et
366 381 536 415 Venerem
552 393 715 415 revocans
734 394 836 415 eruca
851 388 1054 416 morantem.

144 426 233 459 Tum
251 438 387 470 quoque
404 428 473 460 tale
491 428 624 471 aliquid
642 428 814 461 meditans
831 428 1024 462 intraverat
1040 429 1191 472 hortum,

99 471 149 505 Ac
166 472 328 516 primum,
345 473 469 506 leviter
485 473 605 516 digitis
623 473 748 506 tellure
765 474 901 516 refossa,
1164 490 1167 493 ·

99 517 256 559 Quatuor
273 518 391 552 educit
408 530 488 551 cum
506 519 622 562 spissis
639 519 723 552 allia
740 519 853 559 fibris3

99 563 187 596 Inde
205 574 318 597 comas
336 564 408 608 apii
424 565 570 608 graciles
587 569 772 608 rutamque
788 565 960 608 rigentem

100 609 218 652 Velh't,
235 614 271 642 et
288 610 415 653 exiguo
433 610 614 643 coriandra
630 611 816 644 trementia
833 611 900 644 filo.
1172 613 1218 644 90

100 655 186 688 Haec
202 655 263 688 ubi
281 655 429 698 collegit,
448 655 569 689 laetum
588 656 742 689 consedit
760 657 804 689 ad
822 657 948 700 ignem,

99 700 145 734 Et
162 700 255 734 clara
271 701 440 734 famulam
458 702 568 746 poscit
584 702 749 735 mortaria
766 713 857 736 voce.

99 746 246 790 Singula
263 751 340 780 tum
357 747 513 791 capitum
530 759 709 781 numeroso
726 748 852 781 cortice
868 748 990 790 nudat,

98 792 146 826 Et
163 793 307 825 summis
325 793 450 836 spoliat
467 794 576 833 coriis,
595 799 839 837 contemtaque
856 795 984 838 passim

99 838 241 882 Spargit
257 839 356 871 humj
374 843 479 882 atque
496 839 611 873 abicit.
661 839 844 873 Servatum
861 841 1018 883 gramine
1035 840 1181 874 bulbum

100 884 220 928 Tingit
237 896 337 928 aqua,
354 885 549 928 lapidisque
567 897 691 918 cavum
710 886 866 919 demittit
883 887 918 918 in
937 886 1062 919 orbem.

100 930 196 963 Hinc
213 930 294 963 salis
311 930 481 974 inspergit
497 931 624 968 micas:
650 931 720 964 sale
737 931 843 964 durus
860 932 962 965 adeso

100 976 226 1009 Caseus
243 976 427 1019 adjicitur3
453 976 564 1009 dictas
581 988 682 1020 super
699 977 827 1019 ingerit
845 977 988 1018 herbas;

100 1022 146 1055 Et
162 1021 251 1055 laeva
268 1032 399 1055 vestem
417 1027 537 1055 saetosa
554 1021 617 1055 sub
635 1023 781 1065 inguina
797 1023 910 1056 fulcit.

99 1067 254 1100 Dextera
270 1067 402 1111 pistillo
419 1068 571 1111 primum
588 1068 781 1111 fragrantia
797 1069 911 1101 mollit
1155 1071 1221 1102 100

101 1113 212 1153 Allia;
238 1117 314 1146 tum
331 1113 462 1157 pariter
478 1114 589 1147 mixto
608 1114 689 1146 terit
706 1114 821 1147 omnia
839 1126 929 1148 suco.

101 1158 136 1192 It
152 1170 277 1192 manus
294 1159 331 1192 in
348 1171 494 1202 gyrum3
519 1159 691 1203 paulatim
708 1159 847 1203 singula
863 1161 952 1194 vires

100 1204 307 1248 Deperdunt
324 1205 497 1248 proprias;
524 1205 615 1238 color
633 1209 684 1238 est
701 1216 719 1238 e
737 1205 896 1249 pluribus
913 1218 1014 1249 unus,

101 1250 172 1283 Nec
191 1255 284 1284 totus
301 1251 432 1293 viridis,
450 1250 533 1294 quia
549 1251 662 1284 lactea
678 1251 790 1284 frusta
807 1257 1016 1295 repugnant,

101 1296 173 1329 Nec
190 1296 232 1329 de
249 1296 340 1329 lacte
356 1297 481 1339 nitens,
500 1297 582 1340 quia
600 1301 652 1330 tot
669 1297 825 1330 variatur
841 1297 885 1331 ab
902 1297 1025 1332 herbis.

102 1341 200 1385 Saepe
217 1342 283 1375 viri
300 1353 400 1375 nares
417 1353 496 1375 acer
507 1343 687 1385 jaculatur
703 1348 842 1386 apertas

102 1387 262 1431 Spiritus,
281 1392 316 1422 et
333 1388 418 1421 simo
436 1388 581 1421 damnat
598 1400 660 1422 sua
677 1389 824 1432 prandia
840 1388 951 1426 vultu,

104 1433 202 1477 Saepe
217 1445 325 1467 manu
342 1445 478 1467 summa
494 1434 714 1467 lacrimantia
732 1434 866 1468 lumina
882 1435 999 1479 tergit,

105 1479 352 1523 Immeritoque
369 1480 487 1513 furens
504 1480 590 1513 dicit
608 1480 764 1513 convicia
780 1480 885 1514 fumo.

104 1525 314 1559 Procedebat
332 1537 418 1569 opus
435 1537 442 1558 :
467 1537 537 1559 non
549 1528 624 1570 jam
643 1525 842 1566 salebrosas
860 1529 902 1559 ut
918 1530 1009 1569 ante,
1158 1529 1222 1560 110

103 1570 170 1603 Sed
187 1571 325 1614 gravior
340 1571 452 1604 lentos
468 1571 543 1604 ibat
559 1571 711 1615 pistillus
728 1572 765 1604 in
782 1571 888 1605 orbes.

104 1616 196 1659 Ergo
214 1616 363 1650 Palladii
380 1621 500 1660 guttas
518 1617 667 1651 instillat
684 1617 775 1659 olivi,

106 1661 303 1705 Exiguique
320 1674 422 1706 super
439 1663 528 1696 vires
544 1663 701 1696 infundit
717 1663 817 1706 aceti,

106 1709 220 1750 Atque
237 1708 363 1740 iterum
381 1709 578 1742 commiscet
595 1720 690 1753 opus,
707 1709 927 1753 mixtumque
943 1712 1119 1744 retractat.

104 1751 195 1785 'Nm
211 1752 351 1786 demum
369 1754 489 1797 digitis
505 1755 670 1788 mortaria
687 1758 761 1788 tota
778 1754 911 1789 duobus
