1345 1927
459 64 698 100 BUCOLICA.
748 64 842 98 ECL.
868 63 920 98 V.>
1198 65 1235 95 11

119 136 186 169 Hic
203 134 328 169 corulis
343 134 474 167 mixtas
490 133 582 166 inter
599 132 808 166 considimus
824 131 936 164 ulmos
950 130 963 164 2

147 181 242 215 MoP.
259 181 312 213 Tu
328 181 438 224 major
451 192 460 221 3
485 179 551 213 tibi
565 190 622 211 me
639 182 690 211 est
707 189 847 221 aequum
863 187 992 221 parere,
1010 175 1180 218 Menalca,

117 226 196 260 Sive
213 226 277 260 sub
293 227 442 259 incertas
459 224 627 269 Zephyris
643 223 862 257 mutantibus
879 222 1028 263 umbras,

117 271 197 305 Sive
213 276 313 306 antro
329 272 445 316 potius
463 270 687 304 succedimus.
735 268 870 312 Aspice,
887 272 929 301 ut
945 272 1087 301 antrum

117 317 291 352 Silvestris
306 317 392 351 raris
409 316 535 361 sparsit
550 315 710 349 labrusca
725 314 879 348 racemis.

147 363 246 398 ΜΕΝ.
271 363 452 397 Montibus
468 363 506 395 in
521 361 647 395 nostris
665 361 756 394 solus
773 360 839 394 tibi
856 361 965 393 certet
981 358 1162 402 Amyntas.

148 409 244 443 ΜοΡ.
270 409 372 452 Quid,
390 408 418 441 si
433 408 527 441 idem
544 410 652 440 certet
669 406 840 439 Phoebum
857 416 1018 449 superare
1034 403 1189 437 canendo
1203 403 1215 436 2

149 455 247 489 ΜΕΝ.
266 454 399 498 Incipe,
412 454 542 498 Mopse,
555 453 657 497 prior,
673 453 701 485 si
714 463 799 496 quos
812 455 875 484 aut
888 450 1061 494 Phyllidis
1074 450 1183 493 ignes,
1199 451 1241 481 10

121 501 192 534 Aut
207 500 347 534 Alconis
363 499 468 533 habes
485 499 615 541 laudes,
633 502 696 532 aut
708 497 827 542 jurgia
845 497 956 530 Codri.

120 545 239 590 Incipe
253 559 262 588 ;
285 550 465 590 pascentes
482 544 632 578 servabit
648 544 790 588 Tityrus
806 543 933 576 haedos.

150 591 244 626 Mor.
270 592 382 625 Immo
398 592 483 634 haec,
500 591 537 623 in
554 590 658 623 viridi
673 601 786 633 nuper
803 600 880 633 quae
897 588 1024 622 cortice
1039 587 1113 631 fagi

120 637 281 671 Carmina
297 637 462 681 descripsi
479 641 513 670 et
529 636 712 669 modulans
728 635 863 668 alterna
879 634 1008 677 notavi,

119 683 289 727 Experiar
302 696 311 725 ;
336 687 377 716 tu
394 683 518 716 deinde
530 681 652 726 jubeto
669 685 778 714 certet
794 681 974 724 Amyntas.

151 729 249 763 ΜΕΝ.
274 729 386 762 Lenta
402 729 491 761 salix
507 731 679 772 quantum
695 727 843 771 pallenti
859 726 952 759 cedit
969 725 1078 768 olivae,

120 774 281 808 Puniceis
297 774 440 808 humilis
457 777 629 817 quantum
646 772 802 806 saliunca
817 772 955 805 rosetis:

121 821 147 854 J
147 821 262 854 udicio
278 825 394 853 nostro
410 824 551 853 tantum
567 818 633 852 tibi
651 818 743 851 cedit
759 818 940 861 Amyntas.

152 866 246 900 Mor.
271 866 338 900 Sed
354 871 395 899 tu
412 865 528 899 desine
545 865 655 909 plura,
673 875 760 908 puer
774 876 782 904 ;
807 863 1031 896 successimus
1048 867 1156 896 antro.

121 912 346 945 Exstinctum
361 911 534 955 Nymphae
552 910 683 944 crudeli
700 910 823 942 funere
839 909 1007 952 Daphnin
1202 909 1246 940 20

122 958 270 991 Flebant
284 971 293 999 3
317 969 376 991 vos
393 957 502 991 coruli
518 960 622 990 testes
639 960 674 989 et
690 955 837 988 fiumina
853 954 1026 998 Nymphis
1040 967 1049 995 ;

123 1004 240 1045 Quum
257 1003 438 1047 complexa
455 1003 509 1036 sui
525 1013 648 1046 corpus
664 1001 859 1034 miserabile
876 1001 952 1034 nati

122 1049 238 1093 Atque
256 1050 335 1083 deos
351 1053 457 1093 atque
474 1052 568 1082 astra
584 1051 685 1081 vocat
702 1047 857 1080 crudelia
872 1050 994 1080 mater.

123 1095 157 1128 N
158 1107 202 1128 on
221 1095 285 1128 ulli
301 1099 417 1139 pastos
434 1094 504 1127 illis
521 1105 620 1137 egere
634 1093 756 1126 diebus

124 1141 277 1185 Frigida,
293 1140 445 1185 Daphni,
461 1140 564 1174 boves
581 1139 625 1173 ad
642 1139 788 1172 flumina
802 1151 810 1180 3
835 1138 934 1172 nulla
950 1149 1061 1182 neque
1076 1148 1213 1171 amnem

124 1187 263 1220 Libavit
280 1187 485 1231 quadrupes,
503 1197 568 1219 nec
584 1185 751 1229 graminis
768 1185 889 1228 att-igit
905 1184 1058 1218 herbam.

124 1232 275 1277 Daphni,
293 1237 396 1266 tuum
412 1233 534 1266 Poenos
552 1232 657 1265 etiam
675 1231 884 1274 ingemuisse
901 1230 1016 1263 leones

127 1278 324 1321 Interitum,
340 1283 542 1321 montesque
559 1277 623 1310 feri
641 1277 806 1320 silvaeque
823 1277 1024 1320 loquuntur.

125 1323 284 1368 Daphnis
301 1327 336 1357 et
352 1323 533 1357 Armenias
551 1334 655 1355 curru
672 1322 881 1366 subjungere
897 1322 1004 1365 tigres

127 1369 307 1411 Instituit3
330 1369 489 1414 Daphnis
505 1369 635 1402 thiasos
652 1368 816 1401 inducere
833 1367 972 1411 Bacchi,
1206 1367 1250 1399 30

126 1415 173 1449 Et
189 1415 280 1449 foliis
296 1415 409 1449 lentas
425 1415 582 1448 intexere
598 1413 760 1447 mollibus
777 1414 904 1447 hastas.

127 1461 219 1495 Vitis
236 1465 277 1494 ut
293 1461 469 1495 arboribus
486 1460 600 1494 decori
617 1463 679 1501 est,
695 1464 737 1492 ut
753 1459 884 1492 vitibus
900 1471 988 1501 uvae,

127 1507 177 1540 Ut
193 1507 355 1551 gregibus
371 1507 475 1549 tauri,
494 1510 625 1550 segetes
642 1510 683 1538 ut
699 1505 889 1550 pinguibus
906 1505 997 1538 arvis
1014 1517 1021 1538 :

128 1553 181 1586 Tu
197 1553 301 1586 decus
318 1564 418 1586 omne
434 1552 515 1586 tuis.
563 1552 752 1596 Postquam
769 1556 803 1584 te
820 1552 895 1584 fata
912 1551 1082 1593 tulerunt,

130 1598 213 1642 Ipsa
230 1598 330 1632 Pales
346 1610 445 1642 agros
462 1602 567 1642 atque
583 1598 657 1642 ipse
673 1597 815 1641 reliquit
832 1597 965 1641 Apollo.

131 1644 282 1678 Grandia
299 1656 388 1688 saepe
405 1644 530 1688 quibus
546 1643 788 1676 mandavimus
805 1643 934 1676 hordea
952 1643 1065 1686 sulcis,

132 1690 261 1723 Infelix
277 1690 398 1723 lolium
415 1694 451 1723 et
467 1690 599 1723 steriles
616 1692 809 1722 nascuntur
825 1700 943 1722 avenae
958 1701 967 1730 ;

133 1736 198 1770 Pro
214 1736 311 1770 molli
328 1736 427 1779 viola,
445 1747 506 1780 pro
523 1746 697 1780 purpureo
713 1734 864 1768 narcisso
