1330 1932
427 42 647 78 AENEIDOS
670 43 759 78 LIB.
785 44 833 79 ΙΙ.
1123 47 1189 79 129

78 112 248 156 Sanguis?
265 111 326 151 ait,
343 112 352 128 ⁴
364 111 550 156 solidaeque
567 123 628 146 suo
645 114 741 146 stant
756 112 876 148 robore
893 113 994 156 vires,

77 156 146 189 Vos
163 156 295 199 agitate
311 155 441 198 fugam.
1125 158 1194 191 640

75 200 134 235 Me
153 202 181 234 si
198 200 358 234 coelicolae
376 200 566 233 voluissent
582 200 707 233 ducere
722 200 854 234 vitam:

75 246 151 280 Has
167 246 255 279 mihi
271 250 463 279 servassent
479 246 583 279 sedes.
631 245 722 279 Satis
739 257 810 279 uua
826 257 996 291 superque

78 292 238 325 Vidimus
255 291 400 334 excidia,
418 295 453 324 et
470 295 580 335 captae
598 291 835 335 superavimus
851 292 938 326 urbi.

75 336 132 371 Sic
149 349 177 380 o,
196 337 244 370 sic
260 337 413 381 positum
430 336 528 370 affati
545 337 711 370 discedite
728 348 860 381 corpus.

76 383 155 426 Ipse
170 394 279 416 manu
295 387 442 415 mortem
457 383 635 415 inveniam
649 394 655 415 :
680 382 900 416 miserebitur
916 383 1035 427 hostis,

75 428 301 471 Exuviasque
318 432 423 472 petet.
471 427 598 461 Facilis
609 429 750 471 jactura
767 428 924 472 sepulcri.

77 473 103 507 J
105 485 161 507 am
178 474 311 517 pridem
328 473 460 506 invisus
478 473 576 516 divis,
595 478 630 506 et
645 473 792 516 inutilis,
809 485 917 507 annos

75 518 248 562 Demoror,
267 531 309 552 ex
327 530 394 562 quo
410 530 466 552 me
483 519 603 551 divum
620 524 719 563 pater
736 523 841 563 atque
858 519 1039 553 hominum
1055 532 1117 554 rex

77 564 248 597 Fulminis
266 564 398 597 afflavit
414 565 537 607 ventis,
556 569 591 597 et
608 565 757 607 contigit
773 563 870 608 igni.9

75 609 173 644 Talia
189 610 366 654 perstabat
382 621 584 652 memorans,
601 610 762 654 fixusque
777 610 950 645 manebat.
1121 613 1188 645 650

74 655 145 688 Nos
163 660 283 688 contra
299 655 398 688 effusi
414 655 575 698 lacrimis,
593 657 789 699 conjuxque
808 656 945 699 Creusa,

76 701 325 745 Ascaniusque,
343 701 521 744 omnisque
539 701 669 744 domus,
687 712 732 734 ne
748 705 882 735 vertere
899 713 1015 735 secum

77 746 211 779 Cuncta
227 752 336 790 pater,
353 746 495 789 fatoque
511 747 652 789 urgenti
668 747 867 779 incumbere
884 747 998 781 vellet.

75 791 248 835 Abnegat,
264 792 470 835 inceptoque
487 795 522 824 et
539 791 677 824 sedibus
693 791 802 825 haeret
818 792 855 824 in
872 791 991 826 isdem.

76 837 207 870 Rursus
224 837 261 869 in
278 848 373 869 arma
389 837 488 879 feror,
505 841 719 880 mortemque
734 837 946 874 miserrimus
964 842 1061 882 opto.-

75 882 109 916 N
110 894 166 916 am
183 882 274 926 quod
292 882 472 915 consilium
489 886 551 915 aut
568 893 644 925 quae
657 884 733 926 jam
748 883 890 916 fortuna
907 883 1084 919 dabatur?

78 928 87 942 ‘
101 925 206 959 Mene
226 925 343 959 efferre
359 927 492 969 pedem,
509 928 655 969 genitor,
675 931 708 959 te
724 937 822 970 posse
838 927 957 960 relicto

75 970 254 1015 Sperasti'.l
279 974 487 1014 tantumque
503 970 600 1003 nefas
617 969 730 1013 patrio
747 970 879 1003 excidit
896 981 952 1004 ore
967 971 980 1005 ‘l

77 1016 115 1050 Si
130 1016 220 1049 nihil
237 1028 281 1049 ex
297 1020 398 1049 tanta
415 1016 546 1059 superis
563 1015 678 1059 placet
694 1015 779 1048 urbe
795 1016 956 1060 relinqui,

76 1062 122 1096 Et
141 1062 236 1096 sedet
252 1062 317 1094 hoc
334 1061 458 1104 animo,
475 1061 710 1105 perituraeque
726 1061 851 1094 addere
868 1061 976 1106 Trojae
1125 1065 1193 1097 660

77 1108 193 1152 Teque
209 1112 357 1151 tuosque
368 1108 481 1151 juvat,
499 1110 597 1150 patet
613 1107 673 1140 isti
685 1107 796 1150 janua
812 1107 882 1140 leto
895 1120 904 1148 3

76 1153 229 1197 Jamque
246 1153 358 1186 aderit
374 1152 486 1185 multo
504 1152 633 1185 Priami
651 1153 693 1185 de
710 1153 879 1196 sanguine
896 1153 1060 1197 Pyrrhus,

76 1199 210 1232 Natum
227 1204 309 1231 ante
325 1210 384 1231 ora
399 1198 518 1242 patris,
536 1202 671 1241 patrem
688 1198 748 1241 qui
765 1198 950 1232 obtruncat
967 1200 1011 1232 ad
1028 1211 1113 1234 aras.

76 1245 154 1278 Hoc
171 1249 255 1286 erat,
273 1244 365 1277 alma
381 1255 514 1287 parens,
533 1244 624 1286 quod
640 1255 695 1276 me
712 1255 773 1287 per
790 1244 869 1287 tela,
887 1256 949 1288 per
964 1245 1062 1288 ignes

76 1290 202 1334 Eripis,
219 1294 261 1322 ut
276 1289 399 1322 mediis
416 1289 551 1322 hostem
567 1289 604 1321 in
621 1289 866 1332 penetralibus,
884 1294 994 1334 utque

77 1335 277 1377 Ascanium,
294 1340 499 1379 patremque
514 1346 640 1377 meum,
653 1336 828 1378 juxtaque
846 1336 1019 1379 Creusam,

77 1381 239 1414 Alterum
255 1381 293 1413 in
309 1381 451 1414 alterius
468 1384 635 1413 mactatos
653 1381 821 1424 sanguine
838 1392 976 1414 cernam
989 1381 1002 1415 ’ἒ

77 1427 194 1467 Arma,
212 1426 287 1468 viri,
305 1427 394 1458 ferte
411 1437 506 1459 arma
521 1438 527 1459 :
553 1430 653 1459 vocat
669 1426 732 1458 lux
749 1426 875 1460 ultima
892 1428 1008 1462 victos.

78 1472 227 1505 Reddite
245 1484 299 1504 me
316 1472 447 1504 Danais
461 1484 470 1512 ;
495 1472 597 1504 sinite
614 1472 808 1505 instaurata
824 1473 971 1506 revisam
1031 1475 1037 1486 ¹

77 1517 213 1551 Proelia.
260 1518 450 1560 Nunquam
467 1529 583 1550 omnes
600 1517 700 1550 hodie
716 1518 902 1551 moriemur
919 1516 1082 1563 inultifif
1126 1520 1193 1554 670

126 1564 145 1580 “
159 1563 253 1595 Hinc
270 1563 360 1596 ferro
378 1563 539 1606 accingor
554 1574 681 1605 rursus,
700 1561 875 1606 clipeoque
892 1563 1068 1598 sinistram

79 1608 295 1642 Insertabam
312 1614 445 1651 aptans,
463 1617 586 1650 meque
604 1609 703 1639 extra
719 1610 810 1638 tecta
827 1606 990 1641 ferebam.

79 1654 168 1688 Ecce
184 1658 302 1686 autem
319 1652 499 1697 complexa
515 1653 618 1696 pedes
634 1652 672 1684 in
688 1650 808 1684 limine
826 1653 954 1694 conjux

81 1699 256 1743 Haerebat,
272 1709 489 1743 parvumque
505 1697 597 1742 patri
613 1696 779 1731 tendebat
796 1696 936 1732 Iulum:

626 1753 652 1776 R
