1320 1932
313 285 354 321 P.
386 287 656 323 VIRGILII
695 289 980 328 MARONIS

262 381 296 438 C
448 381 473 437 I
622 382 668 439 R
821 384 846 441 I
997 385 1031 442 S

442 490 510 523 AD
537 490 838 526 MESSALAM.

549 599 716 610 mmmm

89 667 176 701 ETSI
193 679 248 701 me
265 668 359 702 vario
371 669 546 712 jactatum
562 668 677 702 laudis
693 679 816 710 amore,

89 714 261 758 Irritaque
277 719 459 758 expertum
476 715 610 748 fallacis
627 715 771 758 praemia
787 714 894 758 vulgi,

88 759 271 803 Cecropius
288 771 408 793 suaves
425 760 605 804 exspirans
620 760 780 793 hortulus
797 771 898 793 auras

87 804 258 838 Florentis
275 805 379 838 viridi
395 805 531 850 Sophjae
548 806 790 849 complectitur
806 805 947 838 umbra:

85 849 180 883 Num
195 862 273 883 mea
289 856 420 894 quaeret
437 862 476 884 eo
492 851 638 894 dignum
655 851 721 884 sibi
739 862 891 894 quaerere
907 849 1070 885 carmen?

84 895 201 939 Longe
217 895 314 929 aliud
330 897 487 929 studium
503 901 608 940 atque
625 896 709 930 alios
726 897 884 930 accincta
899 896 1041 940 labores,

84 940 201 974 Altius
217 942 261 974 ad
278 942 397 985 magni
414 942 596 986 suspendit
613 942 725 976 sidera
740 942 874 985 mundi,

82 986 129 1019 Et
145 987 316 1031 placitum
331 988 451 1031 paucis
468 999 552 1021 ausa
568 992 621 1021 est-
637 988 819 1021 ascendere
837 988 977 1021 collem:

81 1031 116 1064 N
117 1044 161 1065 on
178 1037 295 1066 tamen
311 1033 476 1066 absistam
493 1038 646 1077 coeptum
662 1033 823 1067 detexere
838 1045 977 1076 munus,

82 1077 125 1110 In
142 1089 209 1121 quo
221 1080 300 1122 jure
316 1090 410 1112 meas
426 1079 564 1112 utinam
580 1079 791 1123 requiescere
808 1079 938 1122 Musas,
1155 1080 1195 1111 lO

80 1122 128 1156 Et
144 1123 268 1157 leviter
284 1124 452 1164 blandum
468 1124 574 1157 liceat
590 1125 760 1169 deponere
775 1135 916 1158 morem.

79 1167 196 1212 [Quod
213 1170 242 1202 si
258 1169 443 1203 mirificum
459 1170 610 1214 proferre
627 1170 746 1204 valent
762 1181 872 1213 genus
889 1181 1006 1203 omnes

79 1214 269 1248 Mirificum
286 1216 388 1257 saecli,
405 1216 506 1249 modo
524 1216 568 1249 sit
585 1215 651 1249 tibi
667 1216 757 1249 velle
774 1216 881 1249 libido
892 1215 917 1259 3]

78 1259 115 1293 Si
130 1272 186 1293 me
197 1261 273 1304 jam
290 1272 425 1294 summa
441 1261 620 1305 Sapientia
636 1266 803 1306 pangeret
820 1272 908 1304 arce,

79 1305 236 1347 Quatuor
252 1307 406 1351 antiquis
423 1318 500 1350 quae
517 1307 700 1340 heredibus
717 1311 769 1340 est
785 1307 869 1340 data
885 1318 1031 1350 consors,

78 1351 180 1385 Unde
195 1352 376 1385 hominum
394 1364 521 1386 errores
538 1353 640 1396 longe
656 1353 795 1397 lateque
814 1364 876 1397 per
892 1353 1008 1387 orbem

75 1396 270 1441 Despicere,
287 1402 392 1442 atque
409 1398 558 1432 humiles
574 1410 708 1442 possem
725 1402 943 1432 contemnere
959 1409 1078 1433 curas:

75 1442 154 1476 Non
171 1455 233 1486 ego
251 1447 287 1476 te
304 1444 411 1477 talem
428 1455 612 1478 venerarer
626 1456 770 1478 munere
787 1444 861 1487 tali,

74 1487 153 1521 Non
170 1489 339 1532 equidem,
357 1490 516 1533 quamvis
533 1490 709 1523 interdum
725 1490 846 1523 ludere
862 1490 970 1534 nobis,

72 1533 119 1567 Et
136 1534 301 1577 gracilem
316 1535 414 1568 molli
430 1536 534 1569 liceat
551 1536 637 1580 pede
655 1536 816 1569 claudere
832 1547 990 1577 versum;
1144 1537 1191 1570 20

72 1578 139 1613 Sed
155 1591 281 1623 magno
298 1580 468 1623 intexens,
487 1581 515 1614 si
531 1581 583 1615 fas
600 1586 652 1614 est
668 1581 790 1624 dicere,
808 1581 920 1625 peplo,

73 1624 192 1665 Qualis
209 1625 415 1660 Erechtheis
432 1626 513 1659 olim
530 1631 690 1671 portatur
706 1627 864 1669 Athenis,

70 1669 198 1704 Debita
214 1682 323 1714 quum
339 1675 443 1705 castae
461 1673 644 1706 solvuntur
659 1676 742 1706 vota
757 1673 936 1715 Minervae,

71 1715 251 1760 Tardaque
268 1717 424 1751 confecto
439 1718 587 1752 redeunt
605 1719 838 1763 Quinquatria
854 1718 975 1763 lustro,
