1320 1932
409 58 629 94 AENEIDOS
649 60 743 95 LIB.
766 59 808 94 X.
1097 60 1163 93 317

50 123 246 158 Debueram
261 124 386 170 patrive
399 135 519 170 'poenas
535 125 690 169 odiisque
706 136 880 159 meorum:

51 169 177 202 Omnes
193 181 255 213 per
269 175 395 204 mortes
411 171 564 204 animam
581 175 713 204 sontem
730 171 803 215 ipse
820 170 988 204 dedissem
1002 171 1009 203 !

48 214 82 247 N
84 226 153 248 unc
169 216 247 248 vivo
262 218 268 248 !
295 227 406 260 neque
422 217 537 250 adhuc
553 217 708 250 homines
725 217 906 260 lucemque
922 217 1078 258 relinquo
1094 219 1101 251 Ξ

50 257 117 290 Sed
133 258 321 303 linquam.’'
369 262 481 296 Simul
497 263 565 297 hoc
583 264 700 297 dicens
718 263 848 297 attollit
865 264 903 296 in
921 274 1054 307 aegrum

51 303 94 337 Se
110 304 223 337 femur
237 318 246 346 ;
271 310 315 349 et,
333 317 545 351 quamquam
561 308 612 341 vis
629 308 700 341 alto
717 308 860 340 vulnere
878 308 1002 348 tardat,

51 348 158 382 Haud
175 350 328 394 dejectus
344 364 472 396 equum
489 353 569 386 duci
581 353 692 397 jubet.
740 353 816 386 Hoc
833 353 936 386 decus
953 353 1015 395 issi,

50 394 127 428 Hoc
144 395 295 430 solamen
312 402 386 431 erat
400 411 408 439 ;
433 398 532 431 belh's
549 399 613 432 hoc
630 400 740 433 victor
756 398 874 432 abibat

51 439 227 475 Omnibus.
274 442 476 487 Alloquitur
491 448 702 487 maerentem,
721 448 756 477 et
772 443 902 477 talibus
918 443 1014 476 infit:
1099 444 1166 475 860

53 488 71 504 ‘⁴
83 487 223 530 Rhoebe,
240 487 401 520 diu—res
419 489 448 520 si
465 499 534 531 qua
550 488 613 521 diu
629 489 834 522 mortalibus
852 489 925 522 ulla
942 493 1042 521 est—

51 530 222 565 Viximus.
268 531 343 565 Aut
358 531 461 565 hodie
477 532 588 565 victor
604 531 714 575 spolia
730 531 791 563 illa
808 535 953 564 cruenta

50 576 98 608 Et
116 580 222 620 caput
237 576 358 610 AEneae
375 577 512 620 referes,
529 577 703 620 Lausique
720 576 877 609 dolorum

51 621 153 655 Ultor
168 623 234 655 eris
249 633 386 668 mecum
400 634 407 656 ι
432 626 504 665 aut,
522 622 634 666 aperit
651 622 679 655 si
695 621 794 654 nulla
810 622 903 654 viam
920 621 982 663 vis,

52 667 241 701 Occumbes
257 668 396 712 pariter.
443 668 564 711 Neque
581 668 683 710 enim,
701 667 894 710 fortissime,
912 667 1023 710 eredo,

51 712 77 745 J
79 724 158 746 ussa
174 713 289 747 aliena
304 714 379 757 pati
396 716 431 746 et
448 713 603 747 dominos
620 713 806 756 dignabere
824 713 998 746 Teucros.'‘

51 757 162 800 Dixit,
179 762 215 792 et
232 763 398 803 exceptus
414 762 511 802 tergo
529 762 693 792 consueta
709 757 837 791 locavit

51 803 218 848 Membra,
234 815 426 848 manusque
443 804 560 837 ambas
572 803 699 847 jaculis
716 803 871 836 oneravit
887 803 1008 846 acutis,

53 849 134 882 AEre
151 854 258 893 caput
273 850 419 893 fulgens,
437 850 608 893 cristaque
624 849 779 882 hirsutus
796 848 932 891 equina.

53 893 109 927 Sic
125 906 264 928 cursum
280 895 318 928 in
333 895 463 928 medios
479 895 621 939 rapidus
639 894 744 928 dedit.
791 894 932 927 AEstuat
949 894 1070 937 ingens
1101 894 1167 928 870

53 939 131 973 Uno
147 940 185 973 in
202 941 302 974 corde
317 941 438 985 pudor,
454 941 634 984 mixtoque
649 939 786 973 insania
802 939 912 981 luctu,

52 985 115 1029 [Et
131 986 246 1019 Furiis
262 987 416 1029 agitatus
432 997 537 1029 amor,
553 990 590 1019 et
607 986 742 1018 conscia
758 985 869 1019 virtus
884 984 909 1029 3]

53 1031 170 1075 Atque
186 1032 243 1064 hic
261 1032 395 1064 AEnean
410 1043 538 1075 magna
554 1035 608 1064 ter
624 1042 706 1064 voce
724 1031 870 1064 vocavit.

54 1076 371 1121 AEneas—agnovit
387 1077 696 1119 enim—laetusque
712 1080 874 1120 precatur
888 1088 894 1109 ε

53 1121 138 1154 “Sic
155 1124 253 1164 pater
268 1120 328 1153 ille
346 1119 450 1153 deum
465 1119 582 1162 faciat,
600 1120 649 1153 sic
666 1119 759 1153 altus
776 1119 900 1163 Apollo
918 1122 924 1154 !

55 1166 209 1209 Incipias
227 1165 380 1198 conferre
396 1164 571 1198 manum.”

54 1212 205 1244 Tantum
223 1210 358 1251 effatus,
377 1214 411 1243 et
427 1210 556 1242 infesta
573 1209 666 1242 subit
683 1209 804 1242 obvius
821 1209 930 1243 hasta.

57 1257 123 1289 Ille
140 1262 259 1289 autem
275 1267 281 1288 z
309 1255 432 1295 “Quid
449 1266 504 1287 me
521 1259 647 1298 erepto,
664 1255 854 1296 saevissime,
872 1260 952 1289 nato

56 1303 197 1336 Terres'!
221 1303 297 1336 haec
313 1302 371 1335 via
387 1301 459 1334 sola
473 1301 553 1344 fuit,
575 1310 643 1344 qua
658 1298 801 1342 perdere
817 1310 940 1342 posses.

55 1349 89 1382 N
91 1360 128 1382 ec
143 1352 290 1381 mortem
306 1347 492 1389 horremus,
510 1358 574 1380 nec
591 1345 714 1379 divum
729 1345 903 1388 parcimus
919 1344 993 1380 ulfi.
1103 1348 1169 1379 880

55 1395 183 1427 Desine
197 1406 204 1426 :
225 1395 300 1437 jam
315 1393 416 1426 venio
431 1392 629 1435 moriturus,
650 1394 685 1423 et
701 1390 775 1422 haee
791 1390 857 1422 tibi
874 1394 971 1433 porto

53 1437 152 1470 Dona
168 1438 297 1480 prius.”
344 1437 456 1479 Dixit,
473 1437 652 1480 telumque
668 1436 807 1470 intorsit
824 1437 861 1469 in
878 1436 1012 1468 hostem
1027 1447 1038 1477 ς

56 1484 143 1517 Inde
159 1484 256 1517 aliud
273 1494 376 1527 super
392 1487 498 1526 atque
515 1483 612 1515 ah'ud
628 1481 785 1525 figitque,
803 1480 966 1523 volatque

57 1529 198 1572 Ingenti
214 1540 299 1572 gyro
317 1541 323 1562 :
349 1528 408 1562 sed
425 1528 575 1561 sustinet
591 1538 715 1561 aureus
731 1525 844 1559 umbo.

56 1575 122 1608 Ter
138 1574 269 1607 circum
285 1574 482 1608 adstantem
498 1573 601 1606 laevos
617 1571 791 1616 equitavit
807 1571 844 1603 in
861 1570 966 1613 orbes,

57 1619 140 1653 Tela
155 1631 264 1653 manu
275 1619 409 1663 jaciens
424 1631 433 1659 ;
457 1622 511 1651 ter
528 1629 645 1651 seeum
661 1617 783 1649 Tro'ius
800 1616 898 1648 heros

58 1664 251 1697 Immanem
268 1667 372 1697 aerato
389 1663 588 1697 circumfert
604 1662 758 1705 tegmine
775 1661 906 1694 silvam.

59 1709 146 1743 Inde
161 1709 223 1742 ubi
238 1712 292 1743 tot
308 1709 455 1742 traxisse
470 1719 594 1751 moraS‚
609 1711 663 1741 tot
680 1706 813 1751 spicula
828 1705 937 1739 taedet
