1320 1932
428 85 646 119 AENEIDOS
671 85 757 118 LIB.
785 85 845 118 IX.
1132 85 1196 117 281

85 152 190 186 Nisus
206 152 280 185 abit
294 164 300 186 :
321 153 464 196 jamque
479 152 682 196 imprudens
699 156 855 185 evaserat
871 151 994 193 hostes,

86 199 200 242 Atque
216 197 322 240 lacus,
339 198 399 241 qui
416 202 494 242 post
510 198 608 230 Albae
626 198 667 231 de
684 198 823 230 nomine
841 197 926 230 dicti

85 243 211 276 Albani
225 255 231 276 :
257 248 335 276 tum
349 255 412 276 rex
429 243 565 277 stabula
582 243 655 277 alta
671 243 817 276 Latinus
834 242 992 276 habebat.

85 287 132 322 Ut
149 288 256 331 stetit,
274 292 309 322 et
324 289 454 322 flustra.
470 289 647 322 absentem
663 289 816 333 respexit
833 288 985 322 amicum
999 300 1006 322 :

88 335 105 352 ‘⁴
117 334 276 378 Euryale,
293 335 416 367 infelix
437 345 506 377 qua
521 338 557 367 te
572 335 711 377 regione
728 334 852 378 reliqui
870 335 880 368 Ζ
1134 337 1202 367 :32³0

84 379 202 419 Quave
219 389 352 422 sequar,
367 390 486 411 rursus
503 378 708 422 perplexum
724 378 791 411 iter
807 389 907 410 omne
923 377 1101 410 revolvens

81 423 230 457 Fallacis
247 424 342 457 silvae
354 422 386 457 ‘3”
416 424 528 458 Simul
545 428 579 456 et
596 424 743 467 vestigia
759 428 851 457 retro

82 469 270 503 Observata
286 469 381 513 legit,
399 470 581 513 dumisque
598 469 780 502 silentibus
797 473 897 502 errat.

79 514 190 548 Audit
207 526 322 558 equos,
339 515 438 549 audit
456 515 620 559 strepitus
637 519 672 548 et
689 515 788 559 signa
805 518 1020 558 sequentum.

78 559 151 593 Nec
168 560 311 603 longum
327 561 364 593 in
380 561 493 594 medio
510 565 647 604 tempus
662 573 670 601 ;
695 572 804 604 quum
822 561 950 593 clamor
966 560 1011 593 ad
1027 571 1127 593 aures

78 604 253 648 Pervenit,
269 617 310 639 ac
327 606 422 640 videt
438 606 631 650 Euryalum
645 619 653 646 ;
678 617 781 650 quem
793 608 868 650 jam
883 617 1007 639 manus
1025 606 1134 639 omnis

78 650 217 684 Fraude
233 651 300 684 loci
316 656 351 685 et
367 653 488 695 noctis,
507 652 620 685 subito
636 651 801 685 turbante
817 651 984 694 tumultu,

79 696 288 740 Oppressum
304 698 406 741 rapit,
425 702 460 730 et
477 705 660 730 conantem
676 697 828 741 plurima
843 698 983 731 frustra.

79 741 171 782 Quid
188 742 321 776 faciat?
348 754 416 786 qua
434 743 468 776 vi
480 744 656 786 juvenem,
674 743 800 786 quibus
818 743 946 776 audeat
963 743 1068 776 armis

77 787 220 831 Eripere
234 787 246 821 ’ἒ
271 799 317 821 an
334 799 405 821 sese
421 788 550 821 medios
566 789 755 821 moriturus
771 788 809 820 in
826 799 921 822 enses
1126 790 1194 821 400

76 831 220 875 Inferat,
239 838 274 866 et
291 833 474 877 pulchram
490 838 650 877 properet
666 845 727 877 per
743 833 889 867 vulnera
905 838 1052 867 mortem
1066 833 1078 867 ’.Ι

76 877 180 911 Ocius
197 878 346 912 adducto
363 883 526 923 torquens
543 879 669 912 hastile
686 879 823 922 lacerto,

74 923 272 967 Suspiciens
289 924 397 957 altam
415 925 560 968 Lunam,
577 925 624 957 sic
642 936 724 958 voce
741 929 902 968 precatur
916 938 923 959 ε

74 969 92 986 “
105 969 166 1010 Tu,
183 970 256 1010 dea,
273 975 314 1003 tu
330 980 478 1014 praesens
495 976 610 1002 nOstro
627 979 786 1001 succurre
802 969 922 1012 labori,

72 1013 255 1046 Astrorum
271 1013 385 1056 decus,
403 1018 438 1047 et
454 1024 634 1047 nemorum
650 1013 797 1047 Latonia
814 1018 928 1047 custos
942 1027 951 1056 3

72 1057 110 1092 Si
126 1070 195 1102 qua
212 1059 283 1092 tuis
300 1070 454 1102 unquam
471 1070 532 1103 pro
549 1070 603 1092 me
621 1063 720 1103 pater
737 1059 916 1103 Hyrtacus
932 1060 1001 1094 aris

71 1103 172 1137 Dona
188 1104 283 1147 tulit,
300 1105 329 1137 si
346 1116 414 1148 qua
430 1105 503 1148 ipse
519 1105 604 1137 meis
621 1105 803 1138 venatibus
820 1106 915 1149 auxi,

72 1149 286 1193 Suspendive
303 1150 408 1193 tholo,
426 1155 489 1183 aut
506 1161 601 1183 sacra
617 1151 662 1184 ad
678 1151 821 1194 fastigia
837 1151 900 1184 fixi
914 1163 921 1185 :

72 1194 178 1228 Hunc
196 1195 268 1229 sine
284 1207 346 1237 me,
356 1195 496 1229 turbare
511 1195 664 1239 globum,
681 1201 716 1229 et
732 1208 812 1240 rege
828 1197 900 1230 tela
916 1208 977 1241 per
993 1197 1122 1231 auraS.”

70 1239 218 1274 Dixerat
232 1253 238 1274 :
265 1246 299 1274 et
316 1246 388 1274 toto
406 1241 576 1274 connixus
593 1252 731 1285 corpore
747 1242 879 1275 ferrum
1121 1245 1189 1276 410

72 1285 240 1329 Conjicit:
265 1286 366 1320 hasta
383 1287 502 1320 volans
519 1287 630 1320 noctis
647 1287 842 1320 diverberat
859 1287 1009 1331 umbras,

70 1330 117 1365 Et
133 1332 232 1365 venit
248 1332 360 1365 aversi
376 1332 413 1365 in
430 1336 569 1375 tergum
585 1332 770 1375 Sulmonis,
787 1333 907 1376 ibique
928 1347 933 1350 ·

70 1376 269 1420 Frangitur,
286 1388 326 1411 ac
343 1377 421 1411 fisso
437 1378 565 1411 transit
581 1378 769 1422 praecordia
786 1378 890 1422 ligno.

71 1421 234 1456 Volvitur
248 1423 309 1456 ille
326 1435 466 1456 vomens
483 1423 637 1457 calidum
653 1424 696 1457 de
712 1428 849 1468 pectore
865 1424 998 1458 flumen

69 1467 242 1511 Frigidus,
260 1473 296 1502 et
312 1469 424 1512 longis
442 1469 653 1512 singultibus
669 1469 731 1503 ilia
747 1470 873 1513 pulsat.

68 1512 206 1547 Diversi
223 1514 518 1558 circumspiciunt.
567 1515 643 1548 Hoc
659 1515 769 1548 acrior
784 1515 877 1549 idem

67 1558 158 1592 Ecce
174 1559 272 1593 aliud
289 1571 424 1593 summa
440 1560 552 1593 telum
567 1560 723 1605 librabat⁴
734 1561 777 1594 ab
794 1573 887 1595 aure.

67 1603 164 1638 Dum
179 1605 367 1649 trepidant,
383 1606 428 1639 iit
443 1605 545 1639 hasta
561 1606 654 1650 'Pago
671 1618 732 1650 per
748 1611 886 1651 tempus
904 1610 1095 1652 utrumque

15 1649 22 1666 ³
67 1649 235 1693 Stridens,
252 1652 466 1695 trajectoque
482 1651 584 1685 haesit
600 1652 775 1696 tepefacta
792 1653 937 1686 cerebro.

66 1694 174 1729 Saevit
191 1699 292 1729 atrox
309 1696 483 1740 Volscens,
500 1708 564 1730 nec
581 1697 644 1731 teli
660 1698 828 1742 conspicit
846 1710 994 1742 usquam
1117 1701 1186 1732 420

65 1740 263 1786 Auctorem,
279 1753 342 1776 nec
359 1753 427 1787 quo
444 1753 479 1776 se
495 1743 619 1777 ardens
635 1743 823 1778 immittere
841 1745 958 1788 possit.
