1345 1927
168 104 234 136 278
476 103 511 137 Ρ.
539 103 742 137 VIRGILII
767 100 980 136 MARONIS

169 167 275 201 Nulla
291 168 376 201 meis
394 168 466 201 sine
484 174 518 202 te
536 173 711 212 quaeretur
728 167 838 211 gloria
854 166 956 199 rebus
972 178 980 206 ;

167 211 236 246 Seu
252 224 372 258 pacem
390 225 449 247 seu
467 213 558 248 bella
574 225 691 258 geram
708 227 715 254 ;
741 213 805 246 tibi
824 213 978 245 maxima
993 221 1110 244 rerum

170 258 425 302 Verborumque
444 258 564 292 fides.”
614 257 742 291 Contra
758 268 860 300 quem
878 255 963 288 talia
979 255 1075 289 fatur
1218 255 1286 287 280

164 303 336 347 Euryalus
351 317 357 337 :
383 306 400 321 ‘·‘
415 303 473 336 Me
490 303 589 337 nulla
607 303 678 336 dies
696 308 769 336 tam
786 301 931 334 fortibus
949 302 1041 334 ausis

167 347 378 381 Dissimilem
395 349 549 392 arguerit
565 361 572 388 ;
599 347 926 381 tantum—fortuna
943 346 1095 380 secunda

167 394 241 426 Aut
257 393 401 427 adversa
418 394 529 427 cadat.
578 393 644 427 Sed
662 398 697 427 te
714 404 817 437 super
833 393 949 426 omnia
965 392 1057 425 dona

166 438 286 472 Unum
303 450 360 472 oro
375 451 382 472 :
407 440 568 483 genetrix
586 439 715 472 Priami
732 438 774 471 de
791 443 895 482 gente
913 442 1053 471 vetusta

166 484 229 517 Est
246 484 342 526 mihi,
361 495 465 528 quam
481 485 642 518 miseram
660 484 776 518 tenuit
792 495 862 517 non
880 483 946 516 Ilia
963 483 1067 516 tellus

167 529 308 563 Mecum
324 530 559 573 excedentem,
577 541 646 562 non
663 530 791 563 moenia
807 529 897 572 regis
915 529 1058 562 Acestae.

167 575 269 608 Hanc
286 586 348 618 ego
364 586 459 608 nunc
475 576 634 619 ignaram
651 575 756 617 hujus
774 575 1016 618 quodcumque
1033 573 1154 619 pericli
1171 576 1223 607 est

167 620 277 665 Inque
295 620 484 654 salutatam
500 621 621 664 linqu'o
637 633 644 660 3
670 621 749 654 Nox
767 625 802 653 et
819 624 881 653 tua
898 620 997 653 testis

165 665 328 708 Dextera,
346 666 438 711 quod
455 678 625 710 nequeam
642 666 802 699 lacrimas
818 665 970 710 perferre
986 664 1149 709 parentis.

165 711 214 745 At
230 716 281 753 tu,
298 723 366 754 oro,
383 712 492 745 solare
508 713 657 756 inopem,
675 716 709 744 et
727 722 886 744 succurre
902 710 1042 744 relictae.
1217 711 1285 743 290

166 756 269 791 Hanc
286 758 360 791 sine
376 769 431 791 me
449 769 544 802 spem
561 759 650 790 ferre
667 757 722 791 tui
736 769 743 790 :
769 756 952 790 audentior
968 755 1024 790 ibo

165 802 209 836 In
227 814 325 835 casus
343 803 491 836 omnes.''
541 801 707 834 Percussa
723 806 841 834 mente
857 800 1028 834 dederunt

163 845 375 879 Dardanjdae
392 846 551 879 lacrimas
566 858 574 886 ;
599 851 680 879 ante
697 857 813 879 omnes
831 846 976 889 pulcher
994 845 1092 879 Iulus
1106 858 1116 887 ;

164 890 280 935 Atque
296 891 452 924 animum
469 892 590 936 patriae
607 892 750 925 strinxit
767 892 907 936 pietatis
923 891 1048 935 imago.

163 936 252 969 Tum
270 937 317 970 sic
335 937 461 970 effatur
475 949 481 970 :

165 980 184 995 “
197 979 355 1023 Spondeo
372 980 479 1023 digna
496 981 566 1014 tuis
583 981 784 1026 ingentibus
801 980 916 1014 omnia
933 980 1065 1024 coeptis.

161 1023 319 1068 Namque
336 1025 402 1058 erit
418 1026 486 1059 ista
501 1025 588 1058 mihi
606 1026 775 1068 genetrix,
793 1037 987 1070 nomenque
1004 1026 1140 1060 Creiisae

162 1069 281 1103 Solum
297 1070 457 1114 defuerit,
474 1082 537 1104 nec
554 1075 695 1115 partum
711 1071 825 1114 gratia
842 1071 948 1104 talem

162 1114 275 1149 Parva
290 1120 418 1150 manet.
468 1116 573 1150 Casus
590 1117 723 1149 factum
741 1117 950 1160 quicumque
967 1119 1183 1160 sequuntur:

161 1160 228 1194 Per
244 1166 351 1205 caput
367 1161 432 1195 hoc
443 1163 534 1205 juro,
552 1173 613 1206 per
629 1162 722 1205 quod
738 1166 838 1205 pater
854 1166 936 1195 ante
953 1161 1105 1196 solebat:
1213 1164 1282 1196 300

163 1206 247 1248 Quae
264 1207 330 1240 tibi
347 1207 510 1251 polliceor
525 1207 655 1249 reduci,
671 1207 843 1251 rebusque
860 1207 1031 1250 secundis,

162 1252 250 1286 Haec
267 1253 389 1286 eadem
404 1253 578 1297 matrique
595 1258 665 1286 tuae
683 1254 871 1297 generique
887 1252 1112 1288 manebunt.”

160 1298 216 1332 Sic
233 1298 284 1332 ait
300 1298 513 1332 illacrimans
527 1311 535 1340 ;
560 1299 703 1332 humero
721 1299 824 1332 simul
841 1299 942 1332 exuit
958 1310 1076 1332 ensem

160 1343 344 1387 Auratum,
361 1344 450 1378 mira
467 1355 571 1388 quem
588 1345 718 1378 fecerat
735 1349 810 1378 arte
827 1345 967 1389 Lycaon

161 1389 308 1423 Gnosius
325 1394 431 1433 atque
447 1390 600 1423 habilem
616 1390 745 1433 vagina
761 1394 900 1434 aptarat
917 1390 1050 1424 eburna.
1064 1401 1072 1424 :

159 1435 230 1469 Dat
247 1435 331 1468 Niso
348 1435 553 1469 Mnestheus
569 1436 696 1480 pellem
713 1436 959 1480 horrentesque
975 1435 1085 1470 leonis

159 1480 316 1514 Exuvias
331 1493 339 1522 ;
363 1481 500 1525 galeam
516 1481 606 1515 fidus
623 1486 801 1525 permutat
817 1481 945 1515 Aletes.

159 1526 329 1560 Protenus
347 1527 473 1560 armati
489 1527 659 1561 incedunt
673 1539 679 1561 :
705 1539 790 1571 quos
806 1527 917 1561 omnis
934 1530 1056 1561 euntes

159 1571 354 1605 Primorum
369 1584 494 1606 manus
510 1572 555 1606 ad
572 1577 688 1617 portas
700 1574 940 1617 juvenumque
957 1583 1147 1617 senumque

159 1617 384 1662 Prosequitur
399 1618 497 1652 votis
545 1618 618 1652 Nec
634 1630 704 1652 non
721 1623 756 1652 et
772 1618 918 1662 pulcher
934 1618 1043 1660 Iulus,
1209 1621 1277 1652 310

159 1662 251 1696 Ante
268 1674 376 1696 annos
393 1664 618 1707 animumque
635 1675 756 1707 gerens
773 1675 962 1708 curamque
978 1663 1123 1706 virilem,

159 1708 276 1741 Multa
292 1709 385 1752 patri
401 1709 572 1753 portanda
588 1709 694 1743 dabat
709 1710 885 1743 mandata.
933 1709 1000 1744 Sed
1016 1720 1111 1744 aurae

159 1753 285 1787 Omnia
301 1754 511 1799 discerpunt,
529 1759 565 1789 et
581 1755 731 1789 nubibus
747 1755 847 1789 irrita
863 1755 1003 1789 donant.
