<?xml version="1.0" encoding="UTF-8"?>
<!DOCTYPE html PUBLIC "-//W3C//DTD XHTML 1.0 Transitional//EN"
    "http://www.w3.org/TR/xhtml1/DTD/xhtml1-transitional.dtd">
<html xmlns="http://www.w3.org/1999/xhtml" xml:lang="en" lang="en">
 <head>
  <title>
</title>
<meta http-equiv="Content-Type" content="text/html;charset=utf-8" />
  <meta name='ocr-system' content='tesseract 3.04.00' />
  <meta name='ocr-capabilities' content='ocr_page ocr_carea ocr_par ocr_line ocrx_word'/>
</head>
<body>
  <div class='ocr_page' id='page_1' title='image "./operaomnia00virguoft/operaomnia00virguoft_0375.png"; bbox 0 0 1320 1932; ppageno 0'>
   <div class='ocr_carea' id='block_1_1' title="bbox 407 86 1191 126">
    <p class='ocr_par' dir='ltr' id='par_1_1' title="bbox 407 86 1191 126">
     <span class='ocr_line' id='line_1_1' title="bbox 407 86 1191 126; baseline 0.009 -7"><span class='ocrx_word' id='word_1_1' title='bbox 407 86 626 121; x_wconf 87' lang='lat' dir='ltr'><strong>AENEIDOS</strong></span> <span class='ocrx_word' id='word_1_2' title='bbox 652 88 737 122; x_wconf 88' lang='lat' dir='ltr'><strong>LIB.</strong></span> <span class='ocrx_word' id='word_1_3' title='bbox 765 88 845 123; x_wconf 90' lang='lat' dir='ltr'><strong>XII.</strong></span> <span class='ocrx_word' id='word_1_4' title='bbox 1124 94 1191 126; x_wconf 89' lang='grc'><strong>367</strong></span> 
     </span>
    </p>
   </div>
   <div class='ocr_carea' id='block_1_2' title="bbox 71 152 1189 1794">
    <p class='ocr_par' dir='ltr' id='par_1_2' title="bbox 75 152 1017 202">
     <span class='ocr_line' id='line_1_2' title="bbox 75 152 1017 202; baseline 0.007 -17"><span class='ocrx_word' id='word_1_5' title='bbox 75 152 238 197; x_wconf 83' lang='lat' dir='ltr'><strong>Namque</strong></span> <span class='ocrx_word' id='word_1_6' title='bbox 254 153 315 186; x_wconf 87' lang='lat' dir='ltr'><strong>diu</strong></span> <span class='ocrx_word' id='word_1_7' title='bbox 331 153 479 197; x_wconf 83' lang='lat' dir='ltr'><strong>luctans,</strong></span> <span class='ocrx_word' id='word_1_8' title='bbox 496 154 659 200; x_wconf 86' lang='lat' dir='ltr'><strong>lentoque</strong></span> <span class='ocrx_word' id='word_1_9' title='bbox 676 156 714 189; x_wconf 92' lang='lat' dir='ltr'><strong>in</strong></span> <span class='ocrx_word' id='word_1_10' title='bbox 731 157 837 201; x_wconf 84' lang='lat' dir='ltr'>stirpe</span> <span class='ocrx_word' id='word_1_11' title='bbox 853 162 1017 202; x_wconf 83' lang='lat' dir='ltr'><strong>moratus,</strong></span> 
     </span>
    </p>

    <p class='ocr_par' dir='ltr' id='par_1_3' title="bbox 77 198 918 237">
     <span class='ocr_line' id='line_1_3' title="bbox 77 198 918 237; baseline 0.007 -6"><span class='ocrx_word' id='word_1_12' title='bbox 77 198 219 232; x_wconf 80' lang='lat' dir='ltr'><strong>Viribus</strong></span> <span class='ocrx_word' id='word_1_13' title='bbox 235 199 331 233; x_wconf 90' lang='lat' dir='ltr'><strong>haud</strong></span> <span class='ocrx_word' id='word_1_14' title='bbox 349 200 430 233; x_wconf 87' lang='lat' dir='ltr'><strong>ullis</strong></span> <span class='ocrx_word' id='word_1_15' title='bbox 447 200 559 234; x_wconf 84' lang='lat' dir='ltr'><strong>valuit</strong></span> <span class='ocrx_word' id='word_1_16' title='bbox 576 201 770 236; x_wconf 81' lang='lat' dir='ltr'><strong>discludere</strong></span> <span class='ocrx_word' id='word_1_17' title='bbox 786 214 918 237; x_wconf 87' lang='lat' dir='ltr'><strong>morsus</strong></span> 
     </span>
    </p>

    <p class='ocr_par' dir='ltr' id='par_1_4' title="bbox 77 244 943 293">
     <span class='ocr_line' id='line_1_4' title="bbox 77 244 943 293; baseline 0.007 -16"><span class='ocrx_word' id='word_1_18' title='bbox 77 244 220 278; x_wconf 86' lang='lat' dir='ltr'><strong>Roboris</strong></span> <span class='ocrx_word' id='word_1_19' title='bbox 236 245 374 280; x_wconf 84' lang='lat' dir='ltr'><strong>AEneas.</strong></span> <span class='ocrx_word' id='word_1_20' title='bbox 414 246 509 279; x_wconf 89' lang='lat' dir='ltr'><strong>Dum</strong></span> <span class='ocrx_word' id='word_1_21' title='bbox 525 247 652 280; x_wconf 83' lang='lat' dir='ltr'><strong>nititur</strong></span> <span class='ocrx_word' id='word_1_22' title='bbox 669 259 756 291; x_wconf 87' lang='lat' dir='ltr'><strong>acer,</strong></span> <span class='ocrx_word' id='word_1_23' title='bbox 773 254 808 281; x_wconf 85' lang='lat' dir='ltr'><strong>et</strong></span> <span class='ocrx_word' id='word_1_24' title='bbox 825 249 943 293; x_wconf 84' lang='lat' dir='ltr'><strong>instat,</strong></span> 
     </span>
    </p>

    <p class='ocr_par' dir='ltr' id='par_1_5' title="bbox 76 289 860 335">
     <span class='ocr_line' id='line_1_5' title="bbox 76 289 860 335; baseline 0.006 -12"><span class='ocrx_word' id='word_1_25' title='bbox 76 289 209 324; x_wconf 85' lang='lat' dir='ltr'><strong>Rursus</strong></span> <span class='ocrx_word' id='word_1_26' title='bbox 226 290 263 324; x_wconf 89' lang='lat' dir='ltr'><strong>in</strong></span> <span class='ocrx_word' id='word_1_27' title='bbox 280 291 410 335; x_wconf 88' lang='lat' dir='ltr'><strong>aurigae</strong></span> <span class='ocrx_word' id='word_1_28' title='bbox 426 292 551 325; x_wconf 88' lang='lat' dir='ltr'><strong>faciem</strong></span> <span class='ocrx_word' id='word_1_29' title='bbox 566 297 705 326; x_wconf 84' lang='lat' dir='ltr'><strong>mutata</strong></span> <span class='ocrx_word' id='word_1_30' title='bbox 721 294 860 328; x_wconf 79' lang='lat' dir='ltr'><strong>Metisci</strong></span> 
     </span>
    </p>

    <p class='ocr_par' dir='ltr' id='par_1_6' title="bbox 77 335 960 381">
     <span class='ocr_line' id='line_1_6' title="bbox 77 335 960 381; baseline 0.006 -12"><span class='ocrx_word' id='word_1_31' title='bbox 77 335 263 379; x_wconf 85' lang='lat' dir='ltr'><strong>Procurrit,</strong></span> <span class='ocrx_word' id='word_1_32' title='bbox 279 337 449 381; x_wconf 79' lang='lat' dir='ltr'><strong>fratrique</strong></span> <span class='ocrx_word' id='word_1_33' title='bbox 466 349 581 371; x_wconf 88' lang='lat' dir='ltr'><strong>ensem</strong></span> <span class='ocrx_word' id='word_1_34' title='bbox 598 338 663 372; x_wconf 88' lang='lat' dir='ltr'><strong>dea</strong></span> <span class='ocrx_word' id='word_1_35' title='bbox 679 339 820 373; x_wconf 86' lang='lat' dir='ltr'><strong>Daunia</strong></span> <span class='ocrx_word' id='word_1_36' title='bbox 836 341 960 375; x_wconf 79' lang='lat' dir='ltr'><strong>reddit.</strong></span> 
     </span>
    </p>

    <p class='ocr_par' dir='ltr' id='par_1_7' title="bbox 75 381 963 429">
     <span class='ocr_line' id='line_1_7' title="bbox 75 381 963 429; baseline 0.007 -15"><span class='ocrx_word' id='word_1_37' title='bbox 75 381 175 422; x_wconf 85' lang='lat' dir='ltr'><strong>Quod</strong></span> <span class='ocrx_word' id='word_1_38' title='bbox 194 382 311 415; x_wconf 90' lang='lat' dir='ltr'><strong>Venus</strong></span> <span class='ocrx_word' id='word_1_39' title='bbox 328 383 453 416; x_wconf 82' lang='lat' dir='ltr'><strong>audaci</strong></span> <span class='ocrx_word' id='word_1_40' title='bbox 469 383 502 416; x_wconf 83' lang='lat' dir='ltr'>N</span> <span class='ocrx_word' id='word_1_41' title='bbox 503 384 642 427; x_wconf 81' lang='lat' dir='ltr'><strong>ymphae</strong></span> <span class='ocrx_word' id='word_1_42' title='bbox 660 385 843 429; x_wconf 81' lang='lat' dir='ltr'><strong>indignata</strong></span> <span class='ocrx_word' id='word_1_43' title='bbox 860 387 963 421; x_wconf 87' lang='lat' dir='ltr'><strong>licere</strong></span> 
     </span>
    </p>

    <p class='ocr_par' dir='ltr' id='par_1_8' title="bbox 73 428 878 472">
     <span class='ocr_line' id='line_1_8' title="bbox 73 428 878 472; baseline 0.006 -12"><span class='ocrx_word' id='word_1_44' title='bbox 73 428 238 470; x_wconf 74' lang='lat' dir='ltr'><strong>Accessit,</strong></span> <span class='ocrx_word' id='word_1_45' title='bbox 255 428 435 472; x_wconf 88' lang='lat' dir='ltr'><strong>telumque</strong></span> <span class='ocrx_word' id='word_1_46' title='bbox 451 429 524 462; x_wconf 82' lang='lat' dir='ltr'><strong>alta</strong></span> <span class='ocrx_word' id='word_1_47' title='bbox 541 430 584 462; x_wconf 85' lang='lat' dir='ltr'><strong>ab</strong></span> <span class='ocrx_word' id='word_1_48' title='bbox 600 431 716 464; x_wconf 87' lang='lat' dir='ltr'><strong>radice</strong></span> <span class='ocrx_word' id='word_1_49' title='bbox 733 432 878 465; x_wconf 69' lang='lat' dir='ltr'><strong>revellit.</strong></span> 
     </span>
    </p>

    <p class='ocr_par' dir='ltr' id='par_1_9' title="bbox 75 472 821 520">
     <span class='ocr_line' id='line_1_9' title="bbox 75 472 821 520; baseline 0.007 -15"><span class='ocrx_word' id='word_1_50' title='bbox 75 472 144 506; x_wconf 87' lang='lat' dir='ltr'><strong>Olli</strong></span> <span class='ocrx_word' id='word_1_51' title='bbox 162 473 334 516; x_wconf 83' lang='lat' dir='ltr'><strong>sublimes,</strong></span> <span class='ocrx_word' id='word_1_52' title='bbox 353 475 456 507; x_wconf 85' lang='lat' dir='ltr'><strong>armis</strong></span> <span class='ocrx_word' id='word_1_53' title='bbox 474 476 598 508; x_wconf 79' lang='lat' dir='ltr'><strong>animis</strong></span> <span class='ocrx_word' id='word_1_54' title='bbox 611 488 666 519; x_wconf 67' lang='lat' dir='ltr'><strong>lue</strong></span> <span class='ocrx_word' id='word_1_55' title='bbox 690 477 821 520; x_wconf 86' lang='lat' dir='ltr'><strong>refecti,</strong></span> 
     </span>
    </p>

    <p class='ocr_par' dir='ltr' id='par_1_10' title="bbox 74 517 904 567">
     <span class='ocr_line' id='line_1_10' title="bbox 74 517 904 567; baseline 0.007 -16"><span class='ocrx_word' id='word_1_56' title='bbox 74 517 143 552; x_wconf 89' lang='lat' dir='ltr'><strong>Hic</strong></span> <span class='ocrx_word' id='word_1_57' title='bbox 159 519 276 562; x_wconf 86' lang='lat' dir='ltr'><strong>gladio</strong></span> <span class='ocrx_word' id='word_1_58' title='bbox 292 519 411 562; x_wconf 89' lang='lat' dir='ltr'><strong>fidens,</strong></span> <span class='ocrx_word' id='word_1_59' title='bbox 429 520 486 553; x_wconf 84' lang='lat' dir='ltr'><strong>hic</strong></span> <span class='ocrx_word' id='word_1_60' title='bbox 503 533 581 554; x_wconf 84' lang='lat' dir='ltr'><strong>acer</strong></span> <span class='ocrx_word' id='word_1_61' title='bbox 598 527 632 555; x_wconf 91' lang='lat' dir='ltr'><strong>et</strong></span> <span class='ocrx_word' id='word_1_62' title='bbox 649 523 776 556; x_wconf 82' lang='lat' dir='ltr'><strong>arduus</strong></span> <span class='ocrx_word' id='word_1_63' title='bbox 793 523 904 567; x_wconf 86' lang='lat' dir='ltr'><strong>hasta,</strong></span> 
     </span>
    </p>

    <p class='ocr_par' dir='ltr' id='par_1_11' title="bbox 72 564 1188 660">
     <span class='ocr_line' id='line_1_11' title="bbox 72 564 1188 607; baseline 0.006 -10"><span class='ocrx_word' id='word_1_64' title='bbox 72 564 258 598; x_wconf 88' lang='lat' dir='ltr'><strong>Adsistunt</strong></span> <span class='ocrx_word' id='word_1_65' title='bbox 275 570 395 599; x_wconf 84' lang='lat' dir='ltr'><strong>contra</strong></span> <span class='ocrx_word' id='word_1_66' title='bbox 413 567 601 600; x_wconf 83' lang='lat' dir='ltr'><strong>certamine</strong></span> <span class='ocrx_word' id='word_1_67' title='bbox 619 567 743 602; x_wconf 84' lang='lat' dir='ltr'><strong>Martis</strong></span> <span class='ocrx_word' id='word_1_68' title='bbox 760 569 886 603; x_wconf 87' lang='lat' dir='ltr'><strong>anheli.</strong></span> <span class='ocrx_word' id='word_1_69' title='bbox 1121 573 1188 607; x_wconf 80' lang='lat'><strong>790</strong></span> 
     </span>
     <span class='ocr_line' id='line_1_12' title="bbox 118 611 960 660; baseline 0.007 -17"><span class='ocrx_word' id='word_1_70' title='bbox 118 611 144 644; x_wconf 84' lang='lat' dir='ltr'><strong>J</strong></span> <span class='ocrx_word' id='word_1_71' title='bbox 146 622 296 644; x_wconf 86' lang='lat' dir='ltr'><strong>unonem</strong></span> <span class='ocrx_word' id='word_1_72' title='bbox 312 611 445 645; x_wconf 86' lang='lat' dir='ltr'><strong>interea</strong></span> <span class='ocrx_word' id='word_1_73' title='bbox 464 612 538 645; x_wconf 80' lang='lat' dir='ltr'><strong>Rex</strong></span> <span class='ocrx_word' id='word_1_74' title='bbox 555 613 802 657; x_wconf 83' lang='lat' dir='ltr'><strong>omnipotentis</strong></span> <span class='ocrx_word' id='word_1_75' title='bbox 820 615 960 660; x_wconf 77' lang='lat' dir='ltr'><strong>Olympi</strong></span> 
     </span>
    </p>

    <p class='ocr_par' dir='ltr' id='par_1_12' title="bbox 72 655 915 702">
     <span class='ocr_line' id='line_1_13' title="bbox 72 655 915 702; baseline 0.008 -14"><span class='ocrx_word' id='word_1_76' title='bbox 72 655 283 700; x_wconf 80' lang='lat' dir='ltr'><strong>Alloquitur,</strong></span> <span class='ocrx_word' id='word_1_77' title='bbox 299 657 399 690; x_wconf 82' lang='lat' dir='ltr'><strong>fulva</strong></span> <span class='ocrx_word' id='word_1_78' title='bbox 415 669 551 702; x_wconf 85' lang='lat' dir='ltr'><strong>pugnas</strong></span> <span class='ocrx_word' id='word_1_79' title='bbox 569 659 610 691; x_wconf 89' lang='lat' dir='ltr'><strong>de</strong></span> <span class='ocrx_word' id='word_1_80' title='bbox 627 659 719 693; x_wconf 90' lang='lat' dir='ltr'><strong>nube</strong></span> <span class='ocrx_word' id='word_1_81' title='bbox 736 664 892 694; x_wconf 87' lang='lat' dir='ltr'><strong>tuentem</strong></span> <span class='ocrx_word' id='word_1_82' title='bbox 909 674 915 695; x_wconf 88' lang='lat'>:</span> 
     </span>
    </p>

    <p class='ocr_par' dir='ltr' id='par_1_13' title="bbox 74 702 1080 748">
     <span class='ocr_line' id='line_1_14' title="bbox 74 702 1080 748; baseline 0.008 -15"><span class='ocrx_word' id='word_1_83' title='bbox 74 702 92 719; x_wconf 90' lang='lat'><strong><em>“</em></strong></span> <span class='ocrx_word' id='word_1_84' title='bbox 107 702 190 742; x_wconf 84' lang='lat' dir='ltr'><strong>Quae</strong></span> <span class='ocrx_word' id='word_1_85' title='bbox 203 703 279 746; x_wconf 86' lang='lat' dir='ltr'><strong>jam</strong></span> <span class='ocrx_word' id='word_1_86' title='bbox 297 702 375 735; x_wconf 89' lang='lat' dir='ltr'><strong>finis</strong></span> <span class='ocrx_word' id='word_1_87' title='bbox 392 703 468 745; x_wconf 88' lang='lat' dir='ltr'><strong>erit,</strong></span> <span class='ocrx_word' id='word_1_88' title='bbox 486 704 614 747; x_wconf 79' lang='lat' dir='ltr'><strong>conjux</strong></span> <span class='ocrx_word' id='word_1_89' title='bbox 631 704 643 737; x_wconf 73' lang='lat'><em>2</em></span> <span class='ocrx_word' id='word_1_90' title='bbox 669 704 754 748; x_wconf 89' lang='lat' dir='ltr'><strong>quid</strong></span> <span class='ocrx_word' id='word_1_91' title='bbox 774 704 923 748; x_wconf 80' lang='lat' dir='ltr'><strong>denique</strong></span> <span class='ocrx_word' id='word_1_92' title='bbox 940 711 1050 740; x_wconf 87' lang='lat' dir='ltr'><strong>restat</strong></span> <span class='ocrx_word' id='word_1_93' title='bbox 1068 708 1080 742; x_wconf 73' lang='lat' dir='ltr'><strong>‘l</strong></span> 
     </span>
    </p>

    <p class='ocr_par' dir='ltr' id='par_1_14' title="bbox 73 745 912 791">
     <span class='ocr_line' id='line_1_15' title="bbox 73 745 912 791; baseline 0.002 -12"><span class='ocrx_word' id='word_1_94' title='bbox 73 745 271 790; x_wconf 80' lang='lat' dir='ltr'><strong>Indigetem</strong></span> <span class='ocrx_word' id='word_1_95' title='bbox 287 747 424 780; x_wconf 88' lang='lat' dir='ltr'><strong>AEnean</strong></span> <span class='ocrx_word' id='word_1_96' title='bbox 442 747 507 780; x_wconf 87' lang='lat' dir='ltr'><strong>scis</strong></span> <span class='ocrx_word' id='word_1_97' title='bbox 523 748 609 791; x_wconf 69' lang='lat' dir='ltr'><strong>ipsa7</strong></span> <span class='ocrx_word' id='word_1_98' title='bbox 627 752 662 780; x_wconf 85' lang='lat' dir='ltr'><strong>et</strong></span> <span class='ocrx_word' id='word_1_99' title='bbox 681 748 765 780; x_wconf 88' lang='lat' dir='ltr'><strong>scire</strong></span> <span class='ocrx_word' id='word_1_100' title='bbox 782 749 912 791; x_wconf 81' lang='lat' dir='ltr'><strong>fatelis,</strong></span> 
     </span>
    </p>

    <p class='ocr_par' dir='ltr' id='par_1_15' title="bbox 72 791 771 836">
     <span class='ocr_line' id='line_1_16' title="bbox 72 791 771 836; baseline 0.003 -12"><span class='ocrx_word' id='word_1_101' title='bbox 72 791 199 825; x_wconf 89' lang='lat' dir='ltr'><strong>Deberi</strong></span> <span class='ocrx_word' id='word_1_102' title='bbox 216 792 310 835; x_wconf 87' lang='lat' dir='ltr'><strong>coelo,</strong></span> <span class='ocrx_word' id='word_1_103' title='bbox 327 792 478 836; x_wconf 85' lang='lat' dir='ltr'><strong>fatisque</strong></span> <span class='ocrx_word' id='word_1_104' title='bbox 495 793 539 826; x_wconf 89' lang='lat' dir='ltr'><strong>ad</strong></span> <span class='ocrx_word' id='word_1_105' title='bbox 557 793 668 826; x_wconf 82' lang='lat' dir='ltr'><strong>sidera</strong></span> <span class='ocrx_word' id='word_1_106' title='bbox 685 793 771 827; x_wconf 88' lang='lat' dir='ltr'><strong>tolli.</strong></span> 
     </span>
    </p>

    <p class='ocr_par' dir='ltr' id='par_1_16' title="bbox 74 836 1080 882">
     <span class='ocr_line' id='line_1_17' title="bbox 74 836 1080 882; baseline 0.003 -12"><span class='ocrx_word' id='word_1_107' title='bbox 74 836 166 878; x_wconf 87' lang='lat' dir='ltr'><strong>Quid</strong></span> <span class='ocrx_word' id='word_1_108' title='bbox 183 838 288 871; x_wconf 82' lang='lat' dir='ltr'><strong>struis</strong></span> <span class='ocrx_word' id='word_1_109' title='bbox 302 838 314 871; x_wconf 77' lang='lat'>2</span> <span class='ocrx_word' id='word_1_110' title='bbox 339 842 401 871; x_wconf 86' lang='lat' dir='ltr'><strong>aut</strong></span> <span class='ocrx_word' id='word_1_111' title='bbox 419 849 487 881; x_wconf 84' lang='lat' dir='ltr'><strong>qua</strong></span> <span class='ocrx_word' id='word_1_112' title='bbox 507 850 565 882; x_wconf 85' lang='lat' dir='ltr'><strong>spe</strong></span> <span class='ocrx_word' id='word_1_113' title='bbox 581 838 705 881; x_wconf 83' lang='lat' dir='ltr'><strong>gelidis</strong></span> <span class='ocrx_word' id='word_1_114' title='bbox 722 839 760 871; x_wconf 91' lang='lat' dir='ltr'><strong>in</strong></span> <span class='ocrx_word' id='word_1_115' title='bbox 777 839 928 872; x_wconf 87' lang='lat' dir='ltr'><strong>nubibus</strong></span> <span class='ocrx_word' id='word_1_116' title='bbox 946 840 1054 873; x_wconf 84' lang='lat' dir='ltr'><strong>haeres</strong></span> <span class='ocrx_word' id='word_1_117' title='bbox 1068 840 1080 873; x_wconf 69' lang='grc' dir='ltr'><em>Ἰ</em></span> 
     </span>
    </p>

    <p class='ocr_par' dir='ltr' id='par_1_17' title="bbox 72 882 849 918">
     <span class='ocr_line' id='line_1_18' title="bbox 72 882 849 918; baseline 0.003 -2"><span class='ocrx_word' id='word_1_118' title='bbox 72 882 251 916; x_wconf 86' lang='lat' dir='ltr'><strong>Mortalin&#39;</strong></span> <span class='ocrx_word' id='word_1_119' title='bbox 269 884 386 916; x_wconf 81' lang='lat' dir='ltr'><strong>decuit</strong></span> <span class='ocrx_word' id='word_1_120' title='bbox 403 884 524 916; x_wconf 81' lang='lat' dir='ltr'><strong>violari</strong></span> <span class='ocrx_word' id='word_1_121' title='bbox 541 885 685 917; x_wconf 67' lang='lat' dir='ltr'><strong>vulnere</strong></span> <span class='ocrx_word' id='word_1_122' title='bbox 702 884 822 917; x_wconf 87' lang='lat' dir='ltr'><strong>divum</strong></span> <span class='ocrx_word' id='word_1_123' title='bbox 838 885 849 918; x_wconf 69' lang='grc' dir='ltr'><strong>’ἒ</strong></span> 
     </span>
    </p>

    <p class='ocr_par' dir='ltr' id='par_1_18' title="bbox 73 928 1059 973">
     <span class='ocr_line' id='line_1_19' title="bbox 73 928 1059 973; baseline 0.002 -11"><span class='ocrx_word' id='word_1_124' title='bbox 73 928 150 962; x_wconf 88' lang='lat' dir='ltr'><strong>Aut</strong></span> <span class='ocrx_word' id='word_1_125' title='bbox 163 929 411 973; x_wconf 83' lang='lat' dir='ltr'><strong>ensem—quid</strong></span> <span class='ocrx_word' id='word_1_126' title='bbox 429 930 522 962; x_wconf 88' lang='lat' dir='ltr'><strong>enim</strong></span> <span class='ocrx_word' id='word_1_127' title='bbox 539 930 611 963; x_wconf 85' lang='lat' dir='ltr'><strong>sine</strong></span> <span class='ocrx_word' id='word_1_128' title='bbox 629 938 663 963; x_wconf 87' lang='lat' dir='ltr'><strong>te</strong></span> <span class='ocrx_word' id='word_1_129' title='bbox 681 930 837 964; x_wconf 83' lang='lat' dir='ltr'><strong>Juturna</strong></span> <span class='ocrx_word' id='word_1_130' title='bbox 855 931 986 964; x_wconf 72' lang='lat' dir='ltr'><strong>valeret</strong></span> <span class='ocrx_word' id='word_1_131' title='bbox 1000 931 1059 964; x_wconf 76' lang='lat'><strong>2—</strong></span> 
     </span>
    </p>

    <p class='ocr_par' dir='ltr' id='par_1_19' title="bbox 72 974 948 1019">
     <span class='ocr_line' id='line_1_20' title="bbox 72 974 948 1019; baseline 0.003 -12"><span class='ocrx_word' id='word_1_132' title='bbox 72 974 242 1019; x_wconf 87' lang='lat' dir='ltr'><strong>Ereptum</strong></span> <span class='ocrx_word' id='word_1_133' title='bbox 258 975 356 1008; x_wconf 84' lang='lat' dir='ltr'><strong>reddi</strong></span> <span class='ocrx_word' id='word_1_134' title='bbox 374 975 498 1017; x_wconf 86' lang='lat' dir='ltr'><strong>Turno,</strong></span> <span class='ocrx_word' id='word_1_135' title='bbox 517 980 551 1008; x_wconf 89' lang='lat' dir='ltr'><strong>et</strong></span> <span class='ocrx_word' id='word_1_136' title='bbox 569 976 640 1009; x_wconf 82' lang='lat' dir='ltr'><strong>vim</strong></span> <span class='ocrx_word' id='word_1_137' title='bbox 657 987 806 1009; x_wconf 81' lang='lat' dir='ltr'><strong>crescere</strong></span> <span class='ocrx_word' id='word_1_138' title='bbox 824 976 948 1010; x_wconf 69' lang='lat' dir='ltr'><strong>victis?</strong></span> 
     </span>
    </p>

    <p class='ocr_par' dir='ltr' id='par_1_20' title="bbox 73 1020 1189 1065">
     <span class='ocr_line' id='line_1_21' title="bbox 73 1020 1189 1065; baseline 0.003 -12"><span class='ocrx_word' id='word_1_139' title='bbox 73 1020 200 1054; x_wconf 85' lang='lat' dir='ltr'><strong>Desine</strong></span> <span class='ocrx_word' id='word_1_140' title='bbox 213 1023 288 1065; x_wconf 89' lang='lat' dir='ltr'><strong>jam</strong></span> <span class='ocrx_word' id='word_1_141' title='bbox 304 1021 456 1064; x_wconf 85' lang='lat' dir='ltr'><strong>tandem,</strong></span> <span class='ocrx_word' id='word_1_142' title='bbox 474 1021 700 1065; x_wconf 83' lang='lat' dir='ltr'><strong>precibusque</strong></span> <span class='ocrx_word' id='word_1_143' title='bbox 717 1022 892 1055; x_wconf 87' lang='lat' dir='ltr'><strong>inflectere</strong></span> <span class='ocrx_word' id='word_1_144' title='bbox 909 1023 1034 1056; x_wconf 82' lang='lat' dir='ltr'><strong>nostris</strong></span> <span class='ocrx_word' id='word_1_145' title='bbox 1048 1035 1057 1065; x_wconf 77' lang='lat'>3</span> <span class='ocrx_word' id='word_1_146' title='bbox 1122 1026 1189 1057; x_wconf 74' lang='lat'><strong>800</strong></span> 
     </span>
    </p>

    <p class='ocr_par' dir='ltr' id='par_1_21' title="bbox 72 1065 1000 1108">
     <span class='ocr_line' id='line_1_22' title="bbox 72 1065 1000 1108; baseline 0.002 -9"><span class='ocrx_word' id='word_1_147' title='bbox 72 1065 146 1099; x_wconf 89' lang='lat' dir='ltr'><strong>Nec</strong></span> <span class='ocrx_word' id='word_1_148' title='bbox 163 1070 198 1099; x_wconf 86' lang='lat' dir='ltr'><strong>te</strong></span> <span class='ocrx_word' id='word_1_149' title='bbox 215 1070 335 1099; x_wconf 85' lang='lat' dir='ltr'><strong>tantus</strong></span> <span class='ocrx_word' id='word_1_150' title='bbox 352 1067 433 1099; x_wconf 88' lang='lat' dir='ltr'><strong>edat</strong></span> <span class='ocrx_word' id='word_1_151' title='bbox 449 1067 594 1100; x_wconf 83' lang='lat' dir='ltr'><strong>tacitam</strong></span> <span class='ocrx_word' id='word_1_152' title='bbox 611 1067 707 1100; x_wconf 90' lang='lat' dir='ltr'><strong>dolor</strong></span> <span class='ocrx_word' id='word_1_153' title='bbox 721 1079 729 1108; x_wconf 90' lang='grc'><strong>;</strong></span> <span class='ocrx_word' id='word_1_154' title='bbox 755 1072 789 1100; x_wconf 90' lang='lat' dir='ltr'><strong>et</strong></span> <span class='ocrx_word' id='word_1_155' title='bbox 805 1068 892 1101; x_wconf 86' lang='lat' dir='ltr'><strong>mihi</strong></span> <span class='ocrx_word' id='word_1_156' title='bbox 910 1079 1000 1101; x_wconf 87' lang='lat' dir='ltr'><strong>curae</strong></span> 
     </span>
    </p>

    <p class='ocr_par' dir='ltr' id='par_1_22' title="bbox 73 1112 827 1156">
     <span class='ocr_line' id='line_1_23' title="bbox 73 1112 827 1156; baseline 0.003 -12"><span class='ocrx_word' id='word_1_157' title='bbox 73 1112 171 1156; x_wconf 78' lang='lat' dir='ltr'><strong>Saepe</strong></span> <span class='ocrx_word' id='word_1_158' title='bbox 188 1116 249 1145; x_wconf 91' lang='lat' dir='ltr'><strong>tuo</strong></span> <span class='ocrx_word' id='word_1_159' title='bbox 267 1112 360 1145; x_wconf 87' lang='lat' dir='ltr'><strong>dulci</strong></span> <span class='ocrx_word' id='word_1_160' title='bbox 377 1112 492 1145; x_wconf 83' lang='lat' dir='ltr'><strong>tristes</strong></span> <span class='ocrx_word' id='word_1_161' title='bbox 510 1124 553 1145; x_wconf 84' lang='lat' dir='ltr'><strong>ex</strong></span> <span class='ocrx_word' id='word_1_162' title='bbox 571 1124 626 1145; x_wconf 87' lang='lat' dir='ltr'><strong>ore</strong></span> <span class='ocrx_word' id='word_1_163' title='bbox 642 1118 827 1146; x_wconf 83' lang='lat' dir='ltr'><strong>recursent.</strong></span> 
     </span>
    </p>

    <p class='ocr_par' dir='ltr' id='par_1_23' title="bbox 74 1157 1077 1202">
     <span class='ocr_line' id='line_1_24' title="bbox 74 1157 1077 1202; baseline 0.004 -12"><span class='ocrx_word' id='word_1_164' title='bbox 74 1157 229 1190; x_wconf 87' lang='lat' dir='ltr'><strong>Ventum</strong></span> <span class='ocrx_word' id='word_1_165' title='bbox 246 1157 290 1191; x_wconf 88' lang='lat' dir='ltr'><strong>ad</strong></span> <span class='ocrx_word' id='word_1_166' title='bbox 307 1169 504 1201; x_wconf 87' lang='lat' dir='ltr'><strong>supremum</strong></span> <span class='ocrx_word' id='word_1_167' title='bbox 522 1163 582 1191; x_wconf 87' lang='lat' dir='ltr'><strong>est.</strong></span> <span class='ocrx_word' id='word_1_168' title='bbox 623 1158 735 1192; x_wconf 82' lang='lat' dir='ltr'><strong>Terris</strong></span> <span class='ocrx_word' id='word_1_169' title='bbox 752 1159 885 1202; x_wconf 78' lang='lat' dir='ltr'><strong>agitare</strong></span> <span class='ocrx_word' id='word_1_170' title='bbox 902 1159 956 1192; x_wconf 76' lang='lat' dir='ltr'><strong>vel</strong></span> <span class='ocrx_word' id='word_1_171' title='bbox 974 1160 1077 1194; x_wconf 87' lang='lat' dir='ltr'><strong>undis</strong></span> 
     </span>
    </p>

    <p class='ocr_par' dir='ltr' id='par_1_24' title="bbox 73 1203 992 1249">
     <span class='ocr_line' id='line_1_25' title="bbox 73 1203 992 1249; baseline 0.002 -13"><span class='ocrx_word' id='word_1_172' title='bbox 73 1203 236 1247; x_wconf 80' lang='lat' dir='ltr'><strong>Trojanos</strong></span> <span class='ocrx_word' id='word_1_173' title='bbox 253 1203 400 1247; x_wconf 86' lang='lat' dir='ltr'><strong>potuisti</strong></span> <span class='ocrx_word' id='word_1_174' title='bbox 414 1216 422 1244; x_wconf 93' lang='lat'>;</span> <span class='ocrx_word' id='word_1_175' title='bbox 447 1203 631 1237; x_wconf 86' lang='lat' dir='ltr'><strong>infandum</strong></span> <span class='ocrx_word' id='word_1_176' title='bbox 647 1205 833 1238; x_wconf 84' lang='lat' dir='ltr'><strong>accendere</strong></span> <span class='ocrx_word' id='word_1_177' title='bbox 851 1205 992 1249; x_wconf 86' lang='lat' dir='ltr'><strong>bellum,</strong></span> 
     </span>
    </p>

    <p class='ocr_par' dir='ltr' id='par_1_25' title="bbox 73 1248 1004 1294">
     <span class='ocr_line' id='line_1_26' title="bbox 73 1248 1004 1294; baseline 0.002 -12"><span class='ocrx_word' id='word_1_178' title='bbox 73 1248 274 1282; x_wconf 85' lang='lat' dir='ltr'><strong>Deformare</strong></span> <span class='ocrx_word' id='word_1_179' title='bbox 291 1249 440 1291; x_wconf 87' lang='lat' dir='ltr'><strong>domum,</strong></span> <span class='ocrx_word' id='word_1_180' title='bbox 459 1253 494 1282; x_wconf 85' lang='lat' dir='ltr'><strong>et</strong></span> <span class='ocrx_word' id='word_1_181' title='bbox 510 1249 611 1282; x_wconf 87' lang='lat' dir='ltr'><strong>luctu</strong></span> <span class='ocrx_word' id='word_1_182' title='bbox 627 1250 770 1283; x_wconf 82' lang='lat' dir='ltr'><strong>miscere</strong></span> <span class='ocrx_word' id='word_1_183' title='bbox 787 1251 982 1294; x_wconf 75' lang='lat' dir='ltr'><strong>hymenaeos</strong></span> <span class='ocrx_word' id='word_1_184' title='bbox 997 1263 1004 1285; x_wconf 89' lang='lat'>:</span> 
     </span>
    </p>

    <p class='ocr_par' dir='ltr' id='par_1_26' title="bbox 71 1292 910 1334">
     <span class='ocr_line' id='line_1_27' title="bbox 71 1292 910 1334; baseline -0.004 -9"><span class='ocrx_word' id='word_1_185' title='bbox 71 1294 227 1327; x_wconf 78' lang='lat' dir='ltr'><strong>Ulterius</strong></span> <span class='ocrx_word' id='word_1_186' title='bbox 245 1299 380 1326; x_wconf 87' lang='lat' dir='ltr'><strong>tentare</strong></span> <span class='ocrx_word' id='word_1_187' title='bbox 396 1293 508 1326; x_wconf 87' lang='lat' dir='ltr'><strong>veto.”</strong></span> <span class='ocrx_word' id='word_1_188' title='bbox 557 1292 614 1326; x_wconf 85' lang='lat' dir='ltr'><strong>Sic</strong></span> <span class='ocrx_word' id='word_1_189' title='bbox 631 1292 774 1334; x_wconf 77' lang='lat' dir='ltr'><strong>Jupiter</strong></span> <span class='ocrx_word' id='word_1_190' title='bbox 791 1301 887 1323; x_wconf 87' lang='lat' dir='ltr'><strong>orsus</strong></span> <span class='ocrx_word' id='word_1_191' title='bbox 902 1302 910 1331; x_wconf 83' lang='lat'><em>3</em></span> 
     </span>
    </p>

    <p class='ocr_par' dir='ltr' id='par_1_27' title="bbox 74 1335 858 1373">
     <span class='ocr_line' id='line_1_28' title="bbox 74 1335 858 1373; baseline -0.004 -2"><span class='ocrx_word' id='word_1_192' title='bbox 74 1338 131 1372; x_wconf 88' lang='lat' dir='ltr'><strong>Sic</strong></span> <span class='ocrx_word' id='word_1_193' title='bbox 149 1339 213 1373; x_wconf 81' lang='lat' dir='ltr'><strong>dea</strong></span> <span class='ocrx_word' id='word_1_194' title='bbox 231 1339 398 1372; x_wconf 85' lang='lat' dir='ltr'><strong>submisso</strong></span> <span class='ocrx_word' id='word_1_195' title='bbox 415 1342 534 1371; x_wconf 84' lang='lat' dir='ltr'><strong>contra</strong></span> <span class='ocrx_word' id='word_1_196' title='bbox 552 1337 718 1371; x_wconf 83' lang='lat' dir='ltr'><strong>Saturnia</strong></span> <span class='ocrx_word' id='word_1_197' title='bbox 734 1335 836 1369; x_wconf 81' lang='lat' dir='ltr'><strong>vultu</strong></span> <span class='ocrx_word' id='word_1_198' title='bbox 851 1347 858 1369; x_wconf 74' lang='grc' dir='ltr'>ε</span> 
     </span>
    </p>

    <p class='ocr_par' dir='ltr' id='par_1_28' title="bbox 73 1380 1067 1428">
     <span class='ocr_line' id='line_1_29' title="bbox 73 1380 1067 1428; baseline -0.003 -10"><span class='ocrx_word' id='word_1_199' title='bbox 73 1386 91 1403; x_wconf 86' lang='lat'>“</span> <span class='ocrx_word' id='word_1_200' title='bbox 104 1385 178 1418; x_wconf 81' lang='lat' dir='ltr'><strong>Ista</strong></span> <span class='ocrx_word' id='word_1_201' title='bbox 195 1385 337 1428; x_wconf 89' lang='lat' dir='ltr'><strong>quidem</strong></span> <span class='ocrx_word' id='word_1_202' title='bbox 354 1384 436 1426; x_wconf 85' lang='lat' dir='ltr'><strong>quia</strong></span> <span class='ocrx_word' id='word_1_203' title='bbox 452 1388 536 1416; x_wconf 89' lang='lat' dir='ltr'><strong>nota</strong></span> <span class='ocrx_word' id='word_1_204' title='bbox 548 1383 636 1416; x_wconf 85' lang='lat' dir='ltr'><strong>mihi</strong></span> <span class='ocrx_word' id='word_1_205' title='bbox 653 1388 724 1423; x_wconf 80' lang='lat' dir='ltr'><strong>tua,</strong></span> <span class='ocrx_word' id='word_1_206' title='bbox 741 1392 875 1424; x_wconf 77' lang='lat' dir='ltr'><strong>magne,</strong></span> <span class='ocrx_word' id='word_1_207' title='bbox 893 1380 1067 1424; x_wconf 76' lang='lat' dir='ltr'><strong>voluntas,</strong></span> 
     </span>
    </p>

    <p class='ocr_par' dir='ltr' id='par_1_29' title="bbox 72 1423 925 1473">
     <span class='ocr_line' id='line_1_30' title="bbox 72 1423 925 1473; baseline -0.007 -11"><span class='ocrx_word' id='word_1_208' title='bbox 72 1428 215 1473; x_wconf 83' lang='lat' dir='ltr'><strong>Jupiter</strong></span> <span class='ocrx_word' id='word_1_209' title='bbox 229 1440 235 1461; x_wconf 92' lang='lat'>:</span> <span class='ocrx_word' id='word_1_210' title='bbox 261 1434 296 1461; x_wconf 88' lang='lat' dir='ltr'><strong>et</strong></span> <span class='ocrx_word' id='word_1_211' title='bbox 314 1427 469 1460; x_wconf 82' lang='lat' dir='ltr'><strong>Turnum</strong></span> <span class='ocrx_word' id='word_1_212' title='bbox 486 1430 521 1458; x_wconf 89' lang='lat' dir='ltr'><strong>et</strong></span> <span class='ocrx_word' id='word_1_213' title='bbox 538 1430 646 1458; x_wconf 84' lang='lat' dir='ltr'><strong>terras</strong></span> <span class='ocrx_word' id='word_1_214' title='bbox 662 1425 775 1457; x_wconf 80' lang='lat' dir='ltr'><strong>invita</strong></span> <span class='ocrx_word' id='word_1_215' title='bbox 790 1423 925 1467; x_wconf 86' lang='lat' dir='ltr'><strong>reliqui.</strong></span> 
     </span>
    </p>

    <p class='ocr_par' dir='ltr' id='par_1_30' title="bbox 72 1469 1184 1508">
     <span class='ocr_line' id='line_1_31' title="bbox 72 1469 1184 1508; baseline -0.006 0"><span class='ocrx_word' id='word_1_216' title='bbox 72 1474 145 1508; x_wconf 85' lang='lat' dir='ltr'><strong>Nec</strong></span> <span class='ocrx_word' id='word_1_217' title='bbox 162 1478 204 1507; x_wconf 88' lang='lat' dir='ltr'><strong>tu</strong></span> <span class='ocrx_word' id='word_1_218' title='bbox 219 1485 275 1506; x_wconf 86' lang='lat' dir='ltr'><strong>me</strong></span> <span class='ocrx_word' id='word_1_219' title='bbox 292 1473 387 1506; x_wconf 76' lang='lat' dir='ltr'><strong>aeria</strong></span> <span class='ocrx_word' id='word_1_220' title='bbox 404 1471 510 1504; x_wconf 86' lang='lat' dir='ltr'><strong>solam</strong></span> <span class='ocrx_word' id='word_1_221' title='bbox 528 1482 621 1503; x_wconf 84' lang='lat' dir='ltr'><strong>nunc</strong></span> <span class='ocrx_word' id='word_1_222' title='bbox 639 1470 718 1502; x_wconf 84' lang='lat' dir='ltr'><strong>sede</strong></span> <span class='ocrx_word' id='word_1_223' title='bbox 735 1470 868 1502; x_wconf 81' lang='lat' dir='ltr'><strong>videres</strong></span> <span class='ocrx_word' id='word_1_224' title='bbox 1118 1469 1184 1501; x_wconf 83' lang='lat'><strong>810</strong></span> 
     </span>
    </p>

    <p class='ocr_par' dir='ltr' id='par_1_31' title="bbox 72 1513 1050 1564">
     <span class='ocr_line' id='line_1_32' title="bbox 72 1513 1050 1564; baseline -0.008 -10"><span class='ocrx_word' id='word_1_225' title='bbox 72 1520 189 1564; x_wconf 79' lang='lat' dir='ltr'><strong>Digna</strong></span> <span class='ocrx_word' id='word_1_226' title='bbox 205 1519 350 1562; x_wconf 82' lang='lat' dir='ltr'><strong>indigna</strong></span> <span class='ocrx_word' id='word_1_227' title='bbox 366 1517 441 1562; x_wconf 87' lang='lat' dir='ltr'><strong>pati</strong></span> <span class='ocrx_word' id='word_1_228' title='bbox 456 1530 464 1557; x_wconf 90' lang='lat'>;</span> <span class='ocrx_word' id='word_1_229' title='bbox 489 1517 547 1549; x_wconf 86' lang='lat' dir='ltr'><strong>sed</strong></span> <span class='ocrx_word' id='word_1_230' title='bbox 565 1516 711 1548; x_wconf 84' lang='lat' dir='ltr'><strong>fiammis</strong></span> <span class='ocrx_word' id='word_1_231' title='bbox 729 1516 843 1548; x_wconf 86' lang='lat' dir='ltr'><strong>cincta</strong></span> <span class='ocrx_word' id='word_1_232' title='bbox 859 1513 923 1547; x_wconf 87' lang='lat' dir='ltr'><strong>sub</strong></span> <span class='ocrx_word' id='word_1_233' title='bbox 939 1513 1050 1558; x_wconf 83' lang='lat' dir='ltr'><strong>ipsam</strong></span> 
     </span>
    </p>

    <p class='ocr_par' dir='ltr' id='par_1_32' title="bbox 75 1560 1127 1606">
     <span class='ocr_line' id='line_1_33' title="bbox 75 1560 1127 1606; baseline -0.005 -7"><span class='ocrx_word' id='word_1_234' title='bbox 75 1565 209 1599; x_wconf 84' lang='lat' dir='ltr'><strong>Starem</strong></span> <span class='ocrx_word' id='word_1_235' title='bbox 227 1565 346 1606; x_wconf 88' lang='lat' dir='ltr'><strong>aciem,</strong></span> <span class='ocrx_word' id='word_1_236' title='bbox 363 1563 603 1605; x_wconf 84' lang='lat' dir='ltr'><strong>traheremque</strong></span> <span class='ocrx_word' id='word_1_237' title='bbox 621 1561 762 1594; x_wconf 86' lang='lat' dir='ltr'><strong>inimica</strong></span> <span class='ocrx_word' id='word_1_238' title='bbox 777 1561 815 1593; x_wconf 90' lang='lat' dir='ltr'><strong>in</strong></span> <span class='ocrx_word' id='word_1_239' title='bbox 832 1560 953 1604; x_wconf 80' lang='lat' dir='ltr'><strong>proelia</strong></span> <span class='ocrx_word' id='word_1_240' title='bbox 970 1560 1127 1594; x_wconf 79' lang='lat' dir='ltr'><strong>Teucros.</strong></span> 
     </span>
    </p>

    <p class='ocr_par' dir='ltr' id='par_1_33' title="bbox 74 1606 890 1651">
     <span class='ocr_line' id='line_1_34' title="bbox 74 1606 890 1651; baseline -0.009 -6"><span class='ocrx_word' id='word_1_241' title='bbox 74 1612 99 1645; x_wconf 82' lang='lat' dir='ltr'><strong>J</strong></span> <span class='ocrx_word' id='word_1_242' title='bbox 103 1617 270 1644; x_wconf 87' lang='lat' dir='ltr'><strong>uturnam</strong></span> <span class='ocrx_word' id='word_1_243' title='bbox 287 1610 420 1651; x_wconf 77' lang='lat' dir='ltr'><strong>misero,</strong></span> <span class='ocrx_word' id='word_1_244' title='bbox 437 1609 557 1649; x_wconf 79' lang='lat' dir='ltr'><strong>fateor,</strong></span> <span class='ocrx_word' id='word_1_245' title='bbox 576 1617 773 1640; x_wconf 84' lang='lat' dir='ltr'><strong>succurrere</strong></span> <span class='ocrx_word' id='word_1_246' title='bbox 789 1606 890 1639; x_wconf 88' lang='lat' dir='ltr'><strong>fratri</strong></span> 
     </span>
    </p>

    <p class='ocr_par' dir='ltr' id='par_1_34' title="bbox 75 1651 877 1700">
     <span class='ocr_line' id='line_1_35' title="bbox 75 1651 877 1700; baseline -0.009 -9"><span class='ocrx_word' id='word_1_247' title='bbox 75 1657 185 1700; x_wconf 86' lang='lat' dir='ltr'><strong>Suasi,</strong></span> <span class='ocrx_word' id='word_1_248' title='bbox 203 1662 238 1689; x_wconf 90' lang='lat' dir='ltr'><strong>et</strong></span> <span class='ocrx_word' id='word_1_249' title='bbox 255 1667 315 1700; x_wconf 90' lang='lat' dir='ltr'><strong>pro</strong></span> <span class='ocrx_word' id='word_1_250' title='bbox 332 1655 406 1688; x_wconf 80' lang='lat' dir='ltr'><strong>vita</strong></span> <span class='ocrx_word' id='word_1_251' title='bbox 422 1655 553 1697; x_wconf 78' lang='lat' dir='ltr'><strong>majora</strong></span> <span class='ocrx_word' id='word_1_252' title='bbox 569 1653 695 1686; x_wconf 88' lang='lat' dir='ltr'><strong>audere</strong></span> <span class='ocrx_word' id='word_1_253' title='bbox 712 1651 854 1696; x_wconf 80' lang='lat' dir='ltr'><strong>probavi</strong></span> <span class='ocrx_word' id='word_1_254' title='bbox 869 1664 877 1692; x_wconf 88' lang='lat'>;</span> 
     </span>
    </p>

    <p class='ocr_par' dir='ltr' id='par_1_35' title="bbox 76 1698 987 1742">
     <span class='ocr_line' id='line_1_36' title="bbox 76 1698 987 1742; baseline -0.008 -6"><span class='ocrx_word' id='word_1_255' title='bbox 76 1703 154 1736; x_wconf 86' lang='lat' dir='ltr'><strong>Non</strong></span> <span class='ocrx_word' id='word_1_256' title='bbox 170 1706 211 1735; x_wconf 88' lang='lat' dir='ltr'><strong>ut</strong></span> <span class='ocrx_word' id='word_1_257' title='bbox 227 1702 299 1734; x_wconf 89' lang='lat' dir='ltr'><strong>tela</strong></span> <span class='ocrx_word' id='word_1_258' title='bbox 315 1705 442 1742; x_wconf 82' lang='lat' dir='ltr'><strong>tamen,</strong></span> <span class='ocrx_word' id='word_1_259' title='bbox 460 1710 530 1732; x_wconf 91' lang='lat' dir='ltr'><strong>non</strong></span> <span class='ocrx_word' id='word_1_260' title='bbox 548 1703 586 1732; x_wconf 86' lang='lat' dir='ltr'><strong>ut</strong></span> <span class='ocrx_word' id='word_1_261' title='bbox 603 1698 827 1731; x_wconf 84' lang='lat' dir='ltr'><strong>contenderet</strong></span> <span class='ocrx_word' id='word_1_262' title='bbox 843 1708 962 1730; x_wconf 89' lang='lat' dir='ltr'><strong>arcum</strong></span> <span class='ocrx_word' id='word_1_263' title='bbox 975 1708 987 1739; x_wconf 72' lang='lat'>5</span> 
     </span>
    </p>

    <p class='ocr_par' dir='ltr' id='par_1_36' title="bbox 78 1743 832 1794">
     <span class='ocr_line' id='line_1_37' title="bbox 78 1743 832 1794; baseline -0.009 -11"><span class='ocrx_word' id='word_1_264' title='bbox 78 1748 209 1794; x_wconf 83' lang='lat' dir='ltr'><strong>Adjuro</strong></span> <span class='ocrx_word' id='word_1_265' title='bbox 226 1746 341 1792; x_wconf 80' lang='lat' dir='ltr'><strong>Stygii</strong></span> <span class='ocrx_word' id='word_1_266' title='bbox 357 1750 464 1790; x_wconf 81' lang='lat' dir='ltr'><strong>caput</strong></span> <span class='ocrx_word' id='word_1_267' title='bbox 481 1744 700 1789; x_wconf 81' lang='lat' dir='ltr'><strong>implacabile</strong></span> <span class='ocrx_word' id='word_1_268' title='bbox 715 1743 832 1786; x_wconf 82' lang='lat' dir='ltr'><strong>fontis,</strong></span> 
     </span>
    </p>
   </div>
  </div>
 </body>
</html>
