1345 1927
127 49 169 81 78
433 47 471 82 P.
498 48 702 82 VIRGILII
727 48 898 83 MARON
901 48 943 83 IS

125 115 176 148 Ac
194 115 305 148 veluti
321 115 426 148 lentis
444 116 608 160 Cyclopes
625 116 776 150 fulmina
791 116 912 150 massis
1185 115 1251 149 170

126 161 243 202 Quum
260 165 456 205 properant,
474 162 535 194 alii
552 162 701 195 taurinis
718 162 860 195 follibus
878 173 981 195 auras

124 206 314 250 Accipiunt
331 207 563 251 redduntque,
581 208 642 240 alii
661 208 845 241 stridentia
862 207 1009 251 tingunt

124 252 211 285 AEra
227 252 307 285 lacu
323 265 331 293 ;
355 253 465 296 gemit
482 253 653 297 impositis
670 253 857 286 incudibus
875 253 986 286 AEtna
999 265 1008 294 3

125 297 184 331 Illi
201 298 293 331 inter
310 310 381 332 sese
397 310 526 342 magna
543 299 579 332 vi
595 299 738 332 brachia
755 299 886 332 tollunt

125 343 168 376 In
185 355 379 387 numerum,
397 348 605 389 versantque
624 345 738 378 tenaci
755 345 885 389 forcipe
901 344 1032 377 ferrum
1046 355 1053 378 :

123 389 157 422 N
159 401 204 422 on
220 390 332 432 aliter,
351 390 380 423 si
396 402 505 434 parva
522 391 604 424 lieet
622 402 825 435 componere
842 390 989 433 magnis,

125 435 304 479 Cecropias
322 436 464 469 innatus
482 448 563 480 apes
580 448 676 470 amor
692 441 796 480 urget
812 436 976 479 habendi,

124 479 270 514 Munere
288 493 462 525 quamque
479 493 549 515 suo.
592 483 794 516 Grandaevis
813 482 943 526 oppida
960 492 1061 525 curae,

123 526 170 559 Et
186 527 323 560 munire
340 527 446 571 favos,
465 532 500 561 et
517 528 650 562 daedala
667 528 797 571 fingere
814 532 926 561 tecta:

122 572 172 605 At
188 573 285 606 fessae
301 573 416 607 multa
432 574 587 607 referunt
605 585 639 607 se
656 579 758 607 noete
774 574 934 616 minores,
1180 573 1260 606 180»

124 617 233 651 Crura
251 619 371 662 thymo
388 619 500 663 plenae
516 632 524 660 ;
550 624 742 663 pascuntur
759 624 795 652 et
811 619 938 652 arbuta
954 618 1093 663 passim,

122 663 170 697 Et
186 664 328 707 glaucas
347 665 466 698 salices
484 665 690 709 casiamque,
709 675 916 708 crocumque
933 664 1118 698 rubent-em

121 709 170 742 Et
186 710 354 754 pinguem
371 711 486 744 tiliam
503 715 538 745 et
555 712 770 755 ferrugineos
787 710 1004 754 hyacinthos.

123 755 292 789 Omnibus
310 768 381 790 una
398 757 493 801 quies
511 769 662 801 operum,
680 757 776 790 labor
793 756 952 790 omnibus
968 767 1070 789 unus.

121 800 228 834 Mane
244 806 353 835 ruunt
370 803 478 847 portis
493 816 501 844 ;
526 814 701 846 nusquam
717 814 813 836 mora
827 815 834 836 :
858 813 976 835 rursus
993 802 1132 835 easdem

122 846 253 891 Vesper
269 848 330 881 ubi
348 860 367 882 e
384 854 488 893 pastu
505 849 648 882 tandem
666 849 830 882 decedere
847 848 977 892 campis

121 892 325 936 Admonuit,
343 898 421 927 tum
438 899 532 928 tecta
549 899 685 939 petunt,
703 899 781 928 tum
798 905 940 938 corpora
957 897 1082 926 curant
1096 905 1104 927 :

121 938 180 971 Fit
198 940 339 981 sonitus,
357 944 583 984 mussantque
600 952 675 974 oras
693 944 728 974 et
744 941 867 973 limina
885 940 1025 973 circum.

120 983 214 1028 Post,
232 985 291 1018 ubi
304 986 379 1029 jam
397 986 562 1019 thalamis
580 998 614 1020 se
633 997 863 1030 composuere,
882 985 1004 1018 siletur

121 1030 164 1063 In
182 1034 328 1075 noctem,
345 1032 522 1076 fessosque
539 1044 638 1076 sopor
656 1044 736 1065 suus
755 1036 903 1076 occupat
919 1036 1025 1065 artus.
1177 1032 1244 1064 190

120 1076 154 1109 N
156 1088 193 1109 ec
212 1088 291 1110 vero
309 1089 330 1111 a
347 1078 493 1111 stabulis
510 1078 631 1122 pluvia
647 1078 872 1122 impendente
888 1077 1057 1111 recedunt

119 1122 282 1166 Longius,
300 1128 361 1157 aut
379 1124 525 1157 credunt
543 1124 627 1157 coelo
644 1123 916 1157 adventantibus
933 1123 1045 1164 euris;

119 1168 187 1202 Sed
205 1169 337 1202 circum
353 1173 440 1203 tutae
458 1170 521 1203 sub
537 1170 708 1203 moenibus
727 1170 821 1203 urbis
839 1175 1025 1212 aquantur,

118 1213 366 1259 Excursusque
383 1215 502 1249 breves
519 1220 669 1259 tentant,
688 1219 722 1249 et
741 1227 829 1259 saepe
845 1214 993 1259 lapillos,

119 1260 167 1294 Ut
196 1261 327 1305 cymbae
343 1261 522 1295 instabiles
539 1261 650 1295 fluctu
662 1263 821 1305 jactante
838 1260 1026 1304 saburram,

118 1306 266 1340 Tollunt
280 1319 286 1341 :
313 1307 367 1340 his
384 1319 456 1341 sese
473 1319 534 1352 per
550 1308 670 1341 inania
687 1307 807 1340 nubila
823 1307 964 1340 librant.

118 1352 230 1386 Illum
248 1353 333 1386 adeo
351 1353 523 1397 placuisse
541 1354 665 1398 apibus
681 1353 850 1387 mirabere
866 1363 1007 1395 morem,

119 1398 218 1439 Quod
235 1410 299 1432 nec
317 1399 505 1433 concubitu
521 1399 717 1443 indulgent,
734 1411 798 1433 nec
815 1410 957 1443 corpora
973 1409 1094 1441 segnes

118 1444 161 1477 In
180 1445 350 1478 Venerem
368 1445 517 1488 solvunt,
536 1450 599 1478 aut
615 1446 708 1478 fetus
725 1445 867 1478 nixibus
885 1444 1017 1485 edunt3

119 1490 250 1524 Verum
267 1491 350 1535 ipsae
368 1503 386 1524 e
402 1491 495 1524 foliis
512 1496 612 1524 natos
630 1495 665 1524 et
682 1491 846 1524 suavibus
863 1490 978 1523 herbis
1169 1491 1238 1523 200

119 1536 184 1569 Ore
202 1537 326 1581 legunt
341 1550 349 1578 ;
373 1537 457 1581 ipsae
474 1549 591 1581 regem
608 1548 799 1581 parvosque
817 1536 968 1577 Quirites

117 1581 313 1626 Sufficiunt,
331 1583 499 1626 aulasque
517 1587 552 1616 et
570 1594 668 1617 cerea
683 1594 792 1626 regna
807 1582 996 1625 refingunt.

117 1627 214 1672 Saepe
232 1629 338 1662 etiam
356 1629 450 1662 duris
468 1629 612 1662 errando
630 1629 667 1662 in
685 1629 819 1662 cotibus
835 1628 908 1662 alas

117 1674 302 1718 Attrivere,
321 1675 480 1720 ultroque
497 1675 651 1708 animam
669 1675 731 1708 sub
748 1675 840 1708 fasce
857 1674 981 1707 dedere
995 1685 1004 1714 3

117 1720 250 1754 Tantus
267 1732 362 1755 amor
378 1721 503 1755 florum
521 1725 556 1755 et
572 1721 761 1766 generandi
777 1720 888 1765 gloria
903 1719 1022 1754 mellis
