1320 1932
444 78 663 112 AENEIDOS
689 79 777 112 LIB.
804 77 885 113 XII.
1142 82 1209 112 3‹·5

90 144 187 177 Inter
204 155 239 177 se
257 143 376 177 coiisse
393 144 492 188 viros,
510 148 545 177 et
562 155 700 177 cernere
717 144 816 177 ferro.

89 190 205 234 Atque
223 189 284 232 illi,
302 194 343 223 ut
361 201 470 223 vacuo
488 193 707 242 patuerunt
698 200 833 233 aequore
851 187 975 234 campi,
1142 188 1209 222 710

91 235 261 268 Procursu
278 235 408 279 rapido,
427 236 590 279 conjectis
608 235 742 268 eminus
761 235 879 277 hastis,

92 281 271 314 Invadunt
290 280 439 314 Martem
457 272 575 325 clipeis
593 285 699 325 atque
717 292 783 313 aere
800 291 931 314 sonoro.

89 326 160 360 Dat
177 327 348 370 gemitum
365 327 468 360 tellus
483 339 489 360 :
516 331 591 360 tum
609 326 743 360 crebros
761 325 900 359 ensibus
917 326 1007 359 ictus

91 372 352 415 Congeminant.
394 373 476 405 Fors
494 377 529 406 et
547 373 657 405 virtus
673 373 865 405 miscentur
881 372 918 405 in
936 382 1056 406 unum.

91 418 140 451 Ac
158 418 253 451 velut
271 418 405 461 ingenti
423 418 495 451 Sila
512 429 689 451 summove
707 417 867 451 Taburno

91 463 207 504 Quum
224 464 292 497 duo
309 464 478 497 conversis
495 464 636 497 inimica
653 464 689 496 in
706 463 828 508 proelia
846 463 938 496 tauri

90 509 276 542 Frontibus
293 509 486 552 incurrunt,
505 510 623 554 pavidi
641 520 770 543 cessere
787 509 945 552 magistri
960 521 968 550 ;

90 554 168 588 Stat
185 567 289 599 pecus
306 567 406 588 omne
422 560 519 588 metu
535 560 684 598 mutum,
701 559 926 598 mussantque
938 555 1122 599 juvencae„

93 600 177 641 Quis
194 601 325 634 nemori
342 601 528 645 imperitet,
547 613 649 644 quem
666 605 740 634 tota
757 604 915 634 armenta
932 604 1122 644 sequantur
1137 612 1146 640 ;

92 645 150 679 Illi
167 647 259 679 inter
276 658 346 680 sese
363 647 476 680 multa
490 647 525 680 vi
542 647 687 680 vulnera
703 647 861 688 miscent,
1141 647 1209 680 720

92 691 295 736 Cornuaque
312 692 430 725 obnixi
448 693 609 736 infigunt,
624 697 658 726 et
676 692 844 736 sanguine
861 692 957 735 largo

92 738 187 771 Colla
203 750 382 782 armosque
399 738 521 771 lavant
536 751 544 779 ;
569 739 702 782 gemitu
720 749 841 771 nemus
859 749 958 771 omne
975 738 1145 781 remugit:

93 783 198 817 Haud
216 784 318 817 aliter
335 784 416 817 Tros
434 785 560 817 AEneas
578 788 612 817 et
629 784 788 817 Daunius
806 783 904 816 heros

92 829 309 863 Concurrunt
327 829 445 873 clipeis
461 842 468 870 ;
495 830 616 873 ingens
634 830 750 873 fragor
767 829 898 862 aethcra
915 829 1076 873 complet.

91 875 233 919 Jupiter
249 875 321 919 ipse
338 875 424 908 duas
442 880 578 919 aequato
595 876 755 908 examine
771 875 886 908 lances

92 921 257 964 Sustinet,
274 925 309 955 et
325 921 399 954 fata
416 921 717 965 imponitadiversa
734 921 890 964 duorum,

92 967 202 1008 Quem
220 967 361 1000 damnet
378 967 483 1010 labor,
501 971 536 1000 et
553 978 620 1011 quo
637 971 758 1011 vergat
775 967 924 1010 pondere
942 966 1060 1000 letum.

92 1012 228 1046 Emicat
246 1013 312 1056 hic,
329 1013 471 1057 impune
489 1016 627 1057 puta-,ns
645 1017 679 1046 et
697 1024 835 1057 coipore
853 1017 926 1045 toto

92 1058 173 1091 Alte
191 1058 367 1091 sublatum
385 1059 562 1101 consurgit
580 1059 741 1092 Turnus'
732 1070 769 1091 ln
787 1069 912 1100 ensem,

92 1104 138 1137 Et
156 1104 245 1137 ferit.
286 1104 496 1137 Exclamant
514 1105 617 1138 Troes
634 1104 831 1148 trepidique
850 1104 976 1145 Latini,
1143 1104 1208 1137 730

93 1149 312 1194 Arrectaeque
330 1149 508 1183 amborum
525 1150 624 1184 acies.
667 1151 713 1183 At
731 1150 881 1193 perfidus
899 1149 989 1182 ensis

93 1195 288 1239 Frangitur,
307 1195 344 1228 in
361 1196 541 1239 medioque
557 1196 736 1229 ardentem
755 1195 881 1228 deserit
898 1195 970 1228 ictu
984 1207 991 1229 ε

93 1241 138 1274 Ni
156 1242 240 1285 fuga
257 1241 406 1275 subsidio
425 1241 555 1275 subeat.
597 1241 704 1285 Fugit
721 1241 811 1274 ocior
828 1252 919 1284 euro,

94 1287 142 1320 Ut
159 1287 321 1331 capulum
339 1286 498 1330 ignotum
515 1287 744 1330 dextramque
761 1287 897 1330 aspexit
913 1287 1088 1320 inermem.

94 1332 202 1366 Fama
219 1337 280 1375 est,
299 1333 523 1377 praecipitem‚
543 1344 647 1376 quum
665 1333 776 1376 prima
792 1333 829 1365 in
847 1333 970 1376 proelia
981 1334 1123 1376 junctos

94 1378 352 1412 Conscendebat
369 1390 481 1422 equos,
500 1379 612 1422 patrio
629 1389 792 1411 mucrone
808 1378 939 1420 relicto,

93 1424 186 1457 Dum
204 1425 366 1468 trepidat,
384 1425 513 1457 ferrum
530 1424 659 1467 aurigae
675 1424 830 1467 rapuisse
848 1423 985 1456 Metisci
1000 1436 1008 1465 3

95 1469 205 1512 quue
223 1470 293 1512 diu,
311 1470 393 1502 dum
411 1474 509 1513 terga
526 1469 656 1503 dabant
673 1469 830 1513 palantia
847 1469 978 1512 Teucri,

94 1515 257 1549 Suffecit:
275 1520 458 1559 postquam
475 1527 570 1549 arma
587 1515 642 1548 dei
660 1515 703 1548 ad
722 1515 893 1548 Vulcania
911 1519 1061 1558 ventum,

95 1560 253 1594 Mortalis
269 1572 396 1603 mucro,
414 1561 541 1604 glacies
558 1572 620 1594 ceu
637 1560 758 1603 futilis,
776 1561 848 1594 ictu
1143 1560 1210 1595 740

95 1606 253 1640 Dissiluit
270 1619 278 1647 ;
302 1607 400 1640 fulva
416 1607 636 1650 resplendent
652 1606 826 1650 fragmina
842 1617 952 1640 arena„

95 1652 186 1696 Ergo
203 1664 321 1686 amens
339 1652 474 1686 diversa
490 1653 575 1695 fuga
592 1652 682 1696 petit
699 1663 835 1695 aequora
852 1652 990 1685 Turnus
1005 1665 1013 1693 5

96 1698 142 1731 Et
159 1709 252 1731 nunc
269 1698 348 1740 huc,
366 1698 447 1731 inde
465 1698 532 1731 huc
549 1698 696 1731 incertos
714 1698 871 1741 implicat
889 1698 994 1731 orbes.

97 1743 259 1787 Undique
276 1744 369 1778 enim
386 1743 492 1777 densa
509 1743 631 1777 Teucri
648 1743 818 1777 inclusere
835 1755 959 1777 corona
969 1756 979 1785 ᾗ
