1320 1932
458 73 676 109 AENEIDOS
702 75 788 110 LIB.
815 75 875 110 XI.
1160 79 1226 111 339

1159 144 1177 153 ,-

107 135 227 171 Tradit
244 149 372 182 equum
389 141 516 184 comiti,
534 141 743 186 paribusque
759 143 889 176 resistit
906 142 943 176 in
960 142 1073 186 armis,
1163 146 1223 177 tw

105 181 197 215 Ense
214 184 317 227 pedes
334 185 437 228 nudo,
455 198 609 231 puraque
627 188 789 222 interrita
806 200 935 232 parma.

108 227 156 261 At
168 230 319 274 juvenis,
337 231 458 265 vicisse
475 233 552 266 dolo
569 237 676 277 ratus,
693 234 810 268 avolat
827 234 910 278 ipse,

108 273 216 307 Haud
233 286 338 319 mora,
355 279 594 323 conversisque
611 279 721 323 fugax
739 280 897 313 aufertur
913 280 1068 323 habenis,

105 319 440 366 Quadrupedemque
457 324 567 357 citum
585 325 714 358 ferrata
732 325 825 358 calce
844 326 982 369 fatigat.

106 366 124 382 “
136 366 233 399 Vane
251 367 366 410 Ligus,
384 368 580 410 frustraque
599 368 723 402 animis
742 369 831 402 elate
850 369 1014 412 supeibis,

103 410 350 454 Nequidquam
367 412 497 455 patrias
514 412 659 445 tentasti
676 411 829 444 lubricus
847 417 938 445 artes
954 425 961 452 ;

102 455 175 489 Nec
193 457 289 490 fraus
307 460 341 490 te
358 457 568 491 incolumem
585 457 703 490 fallaci
721 458 870 501 perferet
888 453 1017 491 Auno.’'

102 501 188 535 Haec
205 502 302 536 fatur
317 502 426 546 virgo,
443 507 479 537 et
496 503 692 547 pernicibus
710 504 813 546 ignea
829 503 960 548 plantis

102 547 241 581 Transit
258 559 387 592 equum
405 560 517 592 cursu,
534 549 710 593 frenisque
727 549 870 582 adversa
889 550 1066 592 prs-heusis

102 593 332 637 Congreditur
348 606 535 639 poenasque
552 595 692 628 inimico
711 606 755 628 ex
772 596 941 637 sanguine
960 596 1075 629 sumit.
1155 597 1221 631 720

102 638 216 679 Quam
232 640 335 673 facile
351 640 519 684 accipiter
536 652 618 673 saxo
636 652 730 673 sacer
746 641 817 673 ales
835 641 878 674 ab
896 641 967 674 alto

101 684 332 729 Consequitur
348 686 471 729 pennis
489 686 672 719 sublimem
689 686 726 719 in
743 685 834 719 nube
853 686 1058 729 columbam,

102 730 413 775 Comprensamque
429 735 536 774 tenet,
554 732 767 776 pedibusque
786 732 952 766 eviscerat
970 734 1067 766 uncis
1082 745 1091 774 ;

99 775 189 809 Tum
207 788 306 810 cruor
323 782 358 810 et
375 777 482 810 vulsae
499 777 668 810 labuntur
684 778 728 810 ab
746 777 874 811 aethere
891 778 1029 822 plumae.

145 821 192 855 At
209 834 278 856 non
296 823 369 856 haec
387 823 493 856 nullis
510 823 691 856 hominum
709 827 802 856 sator
818 828 923 867 atque
941 825 1085 858 deorum

99 867 289 901 Observans
307 868 415 902 oculis
433 880 566 902 summo
584 869 679 902 sedet
697 869 790 902 altus
809 869 965 913 Olympo.

98 912 314 956 Tyrrhenum
331 915 467 958 genitor
484 915 697 948 Tarchonem
714 915 750 947 in
768 915 889 958 proelia
908 926 997 950 saeva

97 958 259 1000 suscitat,
277 964 312 993 et
330 960 480 994 stimulis
497 961 592 993 haud
608 960 771 993 mollibus
789 961 902 1004 injicit
922 961 997 995 iras.

97 1004 188 1049 Ergo
206 1006 296 1039 inter
313 1006 421 1039 caedes
439 1006 665 1049 cedentiaque
683 1006 823 1049 agmina
841 1007 999 1041 Tarchon

97 1049 222 1083 Fertur
239 1063 336 1095 equo,
354 1052 527 1096 variisque
545 1052 690 1095 instigat
708 1052 847 1085 vocibus
865 1053 947 1095 alus,
1150 1055 1215 1089 730

95 1095 244 1130 Nomine
262 1108 434 1140 quemque
452 1109 587 1141 vocans,
599 1098 780 1141 reficitque
799 1098 836 1131 in
855 1099 976 1142 proelia
996 1100 1122 1143 pulsos.

97 1141 215 1183 “Quis
232 1146 354 1180 metus,
372 1153 390 1175 o
409 1153 587 1185 nunquam
606 1143 758 1177 dolituri,
778 1154 795 1175 o
814 1154 947 1185 semper
964 1143 1091 1176 inertes

95 1184 274 1228 Tyrrheni,
292 1191 368 1229 qum
386 1189 486 1219 tanta
503 1187 627 1220 animis
644 1187 786 1230 ignavia
804 1187 899 1219 venit
914 1186 926 1220 2

96 1229 243 1264 Femina
259 1232 417 1275 palantes
435 1232 518 1275 agit,
536 1236 642 1276 atque
659 1233 733 1265 haec
751 1232 891 1275 agmina
909 1233 1014 1266 vertit
1029 1232 1041 1266 2

96 1276 171 1317 Quo
187 1277 328 1319 ferrum,
347 1277 473 1321 quidve
490 1277 564 1310 haec
581 1277 732 1321 gerimus
749 1278 820 1311 tela
837 1278 935 1311 irrita
953 1279 1085 1312 dextris
1101 1279 1114 1313 2

94 1323 142 1355 At
159 1333 230 1355 non
246 1323 283 1355 in
302 1323 471 1356 Venerem
489 1335 618 1367 segnes,
635 1328 874 1367 nocturnaque
892 1324 993 1368 bella,

94 1367 176 1411 Aut,
195 1368 254 1401 ubi
272 1380 378 1402 curva
397 1369 516 1402 choros
533 1369 663 1402 indixit
680 1369 767 1402 tibia
784 1369 924 1413 Bacchi,

94 1413 306 1458 Exspectare
324 1415 438 1458 dapes,
457 1419 492 1448 et
509 1415 620 1459 plenae
638 1415 762 1460 pocula
778 1426 905 1448 mensae
920 1428 927 1449 ε

94 1458 162 1492 Hie
179 1471 284 1503 amor,
301 1460 365 1493 hoc
383 1460 539 1493 studium
554 1473 562 1501 ;
587 1461 671 1494 dum
688 1472 785 1494 sacra
802 1462 973 1495 secundus
991 1461 1167 1509 haruspex

92 1504 126 1537 N
127 1505 256 1548 unciet,
275 1517 315 1539 ac
332 1506 426 1539 lucos
444 1511 544 1540 vocet
561 1507 675 1540 hostia
692 1507 832 1551 pinguis
850 1507 887 1540 in
904 1508 1022 1542 altos.”
1144 1510 1210 1544 740

93 1550 180 1584 Haec
197 1551 332 1594 effatus,
351 1563 479 1596 equum
495 1553 532 1585 in
549 1553 678 1585 medios
695 1554 884 1586 moriturus
902 1558 937 1586 et
954 1554 1028 1598 ipse

93 1596 260 1639 Concitat„
279 1601 314 1630 et
332 1597 467 1631 Venulo
484 1598 667 1631 adversum
684 1610 719 1631 se
736 1598 897 1632 turbidus
914 1599 1031 1642 infert,

92 1641 352 1686 Dereptumque
369 1643 412 1676 ab
430 1655 518 1687 equo
535 1644 659 1677 dextra
676 1644 920 1688 complectitur
936 1645 1082 1690 hostem,

91 1687 137 1720 Et
154 1689 325 1731 gremium
343 1693 424 1722 ante
442 1701 544 1722 suum
560 1690 674 1723 multa
691 1690 726 1724 vi
743 1690 900 1723 concitus
918 1692 1044 1726 aufert.

91 1733 240 1767 Tollitur
256 1734 293 1768 in
311 1735 436 1768 coelum
454 1735 582 1769 clamor
596 1748 604 1778 3
630 1736 816 1780 cunctique
834 1737 952 1770 Latini
