1345 1927
107 74 152 106 54
415 71 453 106 P.
480 70 684 105 VIRGILII
709 70 878 104 MARON
882 70 924 103 IS

108 137 297 171 Centauros
313 135 382 170 leto
400 136 545 181 domuit,
565 137 800 179 Rhoetumque
817 135 1036 179 Pholumque

107 183 155 216 Et
171 193 298 226 magno
315 182 482 226 Hylaeum
499 182 658 227 Lapithis
675 185 806 214 cratere
822 181 1024 214 minantem.

156 228 184 262 Ο
202 228 397 261 fortunatos
413 228 572 272 nimium,
591 239 653 262 sua
670 227 699 260 si
715 227 805 260 bona
821 226 948 269 norint,

108 274 299 318 Agricolas,
316 273 443 317 quibus
460 274 545 318 ipsa,
562 273 685 318 procul
702 272 918 306 discordibus
935 271 1049 315 armis,

109 320 243 353 Fundit
260 319 366 353 humo
383 319 524 353 facilem
540 321 675 354 victum
687 318 883 362 justissima
899 317 1003 351 tellus
1018 319 1024 351 !

109 365 147 400 Si
163 377 234 400 non
250 365 429 409 ingentem
445 366 578 399 foribus
595 365 717 398 domus
735 363 808 397 alta
826 363 982 408 superbis

109 411 217 446 Mane
234 411 452 445 salutantum
469 412 552 445 totis
570 411 678 445 vomit
696 409 828 443 aedibus
845 409 977 443 undam
989 422 1000 451 ς

109 457 143 491 N
146 469 183 492 ec
200 457 313 491 varios
330 457 470 490 inhiant
487 457 635 501 pulchra
652 455 828 490 testudine
846 459 970 499 postes,

111 503 310 547 Illusasque
327 514 411 536 auro
429 507 551 545 vestes,
569 503 817 547 Ephyreiaque
835 512 925 542 aera3

110 549 202 583 Alba
219 560 332 593 neque
349 548 489 591 Assyrio
505 549 648 582 fucatur
665 548 747 581 lana
764 558 906 590 veneno,

111 595 185 629 Nec
202 595 295 628 casia
312 594 438 638 liquidi
456 594 690 638 corrumpitur
706 603 790 625 usus
807 592 908 626 olivi:

112 641 160 674 At
177 651 298 674 secura
314 640 412 684 quies
429 643 464 673 et
480 640 596 673 nescia
612 639 733 672 fallere
749 638 825 671 vita

112 687 218 720 Dives
236 697 342 730 opum
358 685 534 719 variarum
548 698 557 727 3
583 689 620 719 at
636 684 718 718 latis
736 684 807 717 otia
822 683 943 717 fundis

113 732 296 776 Speluncae
312 731 453 775 vivique
469 731 566 765 lacus
581 744 589 772 ;
612 735 652 774 at
667 730 797 774 frigida
814 729 942 774 Tempe

113 778 343 822 Mugitusque
359 776 464 810 boum
479 777 669 822 mollesque
688 775 752 809 sub
769 774 888 809 arbore
906 773 1017 808 somni

113 824 194 858 Non
211 823 340 857 absunt
354 836 362 864 ;
387 823 461 856 illic
479 823 589 857 saltus
606 834 646 856 ac
664 822 777 855 lustra
793 821 947 854 ferarum
962 834 970 862 ;

114 870 161 904 Et
177 870 314 914 patiens
331 880 474 913 operum
491 869 688 913 exiguoque
704 871 843 902 assueta
855 868 1026 910 juventus
1040 879 1049 908 ;

115 916 220 950 Sacra
237 915 352 958 desim,
371 915 552 959 sanctique
568 919 686 959 patres
700 926 709 954 ;
734 917 891 946 extrema
908 924 970 957 per
985 912 1064 947 illos

115 962 141 996 J
143 961 266 995 ustitia
283 961 453 994 excedens
471 960 572 994 terris
589 959 738 1003 vestigia
754 959 848 992 fecit.

162 1007 222 1041 Me
238 1019 318 1041 vero
335 1007 488 1051 primum
505 1006 624 1039 dulces
641 1010 723 1039 ante
741 1005 858 1038 omnia
874 1004 996 1048 Musae,

117 1053 274 1095 Quarum
291 1064 387 1087 sacra
403 1053 475 1086 fero
491 1052 630 1096 ingenti
646 1062 830 1096 percussus
847 1062 973 1093 amore,

115 1099 312 1143 Accipiant,
330 1098 477 1142 coelique
494 1098 568 1131 vias
585 1102 620 1131 et
637 1097 750 1131 sidera
769 1099 965 1130 monstrent
979 1108 988 1138 3

115 1145 282 1179 Defectus
300 1144 379 1178 solis
396 1144 520 1187 varios,
537 1143 700 1187 lunaeque
717 1142 849 1176 labores
864 1155 873 1183 ;

116 1191 218 1224 Unde
234 1195 363 1224 tremor
379 1190 479 1223 terris
494 1202 502 1230 3
528 1201 598 1233 qua
614 1190 650 1223 vi
665 1189 776 1222 maria
792 1188 865 1222 alta
881 1190 1089 1232 tumescant,

118 1236 296 1280 Objicibus
311 1236 435 1280 ruptiS‚
453 1247 641 1279 rursusque
657 1235 695 1268 in
713 1246 747 1268 se
764 1235 840 1278 ipsa
856 1234 1012 1267 residant
1026 1245 1035 1275 ;
1081 1241 1085 1244 ”

118 1282 211 1324 Quid
228 1286 369 1316 tantum
385 1292 511 1315 oceano
528 1285 713 1325 properent
731 1292 765 1314 se
783 1280 917 1323 tingere
935 1280 1021 1313 soles

118 1328 276 1372 Hiberni,
293 1328 349 1362 vel
366 1338 444 1372 quae
461 1327 570 1360 tardis
586 1338 682 1360 mora
698 1326 859 1359 noctibus
876 1324 998 1360 obstet.

118 1374 189 1416 Sin,
207 1374 271 1407 has
287 1385 332 1407 ne
349 1374 478 1418 possim
494 1376 632 1406 naturae
649 1372 810 1406 accedere
827 1375 953 1416 partes,

119 1420 282 1464 Frigidus
299 1419 473 1453 obstiterit
490 1419 621 1452 circum
638 1418 828 1462 praecordia
845 1416 987 1461 sanguis
1001 1429 1008 1451 :

120 1466 216 1500 Rura
231 1465 321 1499 mihi
337 1469 373 1498 et
389 1465 482 1508 rigui
499 1464 663 1509 placeant
679 1464 717 1496 in
734 1463 884 1497 vallibus
902 1474 1021 1497 amnes
1035 1475 1044 1504 ;

119 1512 285 1545 Flumina
302 1522 415 1545 amem
432 1510 605 1554 silvasque
622 1510 800 1553 inglorius.
843 1509 881 1552 O,
899 1508 961 1542 ubi
978 1509 1092 1552 campi

121 1557 386 1602 Spercheosque,
405 1560 440 1590 et
457 1556 651 1600 virginibus
668 1556 838 1589 bacchata
854 1555 1010 1588 Lacaenis

120 1603 297 1647 Taygeta!
327 1614 356 1646 o,
374 1603 435 1646 qui
451 1614 506 1635 me
524 1602 648 1645 gelidis
665 1602 703 1634 in
720 1601 870 1634 vallibus
889 1600 1007 1634 Haemi

121 1649 239 1692 sistat,
254 1653 288 1682 et
305 1648 442 1692 ingenti
458 1659 634 1681 ramorum
650 1650 811 1691 protegat
828 1646 968 1680 umbra!

121 1694 232 1739 Felix,
250 1694 311 1740 qui
326 1694 444 1739 potuit
460 1705 578 1728 rerum
594 1704 797 1738 cognoscere
815 1703 946 1736 causas,

1166 317 1236 350 460

1171 773 1242 809 470

1174 1234 1245 1267 480

1177 1691 1248 1724 490
