1330 1932
428 75 646 113 AENEIDOS
671 74 760 108 LIB.
788 74 827 107 V.
1119 71 1184 104 197

70 141 281 187 AHoquitur,
299 144 453 188 talesque
470 143 619 177 effundit
636 146 774 187 pectore
791 143 933 185 questus
950 152 956 174 :
1119 139 1186 173 780

49 192 55 198 '
71 191 90 208 “
101 190 127 224 J
128 190 251 223 unonis
268 190 382 233 gravis
399 190 460 233 ira,
477 201 542 223 nec
560 188 794 223 exsaturabile
812 190 933 230 pectus

71 233 208 277 Cogunt
223 244 289 275 1110,
305 233 478 277 Neptune,
495 243 612 276 preces
629 231 835 265 descendere
851 230 889 262 in
906 240 1023 262 omnes
1038 241 1047 269 3

71 279 183 319 Quam
199 289 263 312 nec
279 278 384 322 longa
400 278 482 321 dies,
499 278 611 322 pietas
628 289 691 311 nec
707 277 848 319 mitigat
864 275 948 318 ulla,

70 324 144 357 Nec
160 324 186 357 J
187 324 259 357 ovis
276 324 419 367 imperio
435 324 561 357 fatisve
578 323 728 356 infracta
745 321 902 365 quiescit.

69 370 104 403 N
105 381 148 402 on
164 370 279 403 media
295 369 338 403 de
354 372 458 413 gente
475 369 656 412 Phrygum
673 368 827 401 exedisse
844 365 1003 399 nefandis

71 415 200 448 Urbem
217 415 303 448 odiis
321 415 403 448 satis
421 418 482 457 est,
499 426 563 447 nec
580 425 719 458 poenam
735 416 835 446 traxe
852 423 913 456 per
929 422 1066 444 omnem

72 460 247 504 Reliquias
262 473 270 501 ;
295 460 404 504 Trojae
422 460 552 493 cineres
569 464 674 503 atque
692 470 766 492 ossa
782 462 945 502 peremtae

72 506 281 549 Insequitur.
330 506 458 539 Causas
475 506 567 539 tanti
585 505 671 538 sciat
687 505 749 538 illa
765 504 900 537 furoris.

72 551 150 595 Ipse
166 551 254 584 mihi
269 563 382 595 nuper
398 551 535 595 Libycis
552 555 593 584 tu
610 551 708 584 testis
725 550 762 583 in
779 549 891 591 undis,

74 597 186 637 Quam
201 597 327 630 molem
345 596 459 629 subito
476 597 630 630 excierit.
678 596 792 629 Maria
809 595 925 628 omnia
942 594 1026 628 coelo
1123 594 1189 628 790

73 642 226 684 Miscuit,
244 642 366 675 AEoliis
382 642 620 686 nequidquam
637 641 914 690 fretaprocellis,

74 687 117 720 In
133 688 248 731 regnis
265 687 329 720 hoc
346 699 430 720 ausa
447 688 526 721 tuis.

75 732 141 766 Per
157 733 267 765 scelus
284 744 360 766 ecce
378 734 484 766 etiam
501 733 656 776 Trojanis
672 732 841 766 matribus
858 731 945 765 actis

75 778 219 811 Exussit
235 778 324 810 foede
342 789 475 822 puppes
492 790 500 818 ;
526 781 561 811 et
577 778 684 811 classe
701 777 838 820 subegit

74 824 210 856 Amissa
227 823 333 856 socios
349 824 478 866 ignotae
495 823 651 866 linquere
668 827 778 856 terrae.

77 869 174 909 Quod
192 872 354 912 superest,
373 880 440 910 oro,
457 869 560 901 liceat
578 868 660 902 dare
676 872 756 902 tuta
772 880 833 912 per
848 868 961 901 undas

77 914 163 947 Vela
179 914 245 947 tibi
263 916 269 947 !
295 914 399 947 liceat
417 914 626 947 Laurentem
644 914 816 957 attingere
835 914 1002 957 Thybrim
1018 914 1024 947 1

77 959 114 992 Si
130 970 288 993 concessa
303 963 394 1003 peto,
411 959 439 992 si
456 959 545 993 dant
561 970 602 992 ea
617 959 746 993 moenia
763 958 912 992 Parcae.’'

123 1004 212 1037 Tum
229 1004 413 1038 Saturnius
429 1005 504 1038 haec
521 1005 671 1038 domitor
687 1005 792 1038 maris
809 1005 918 1038 edidit
936 1004 998 1037 alti
1017 1016 1023 1037 :

77 1049 173 1082 “Fas
191 1060 290 1083 omne
307 1053 368 1092 est,
387 1050 565 1093 Cytherea,
582 1051 667 1083 meis
685 1054 719 1084 te
735 1050 840 1083 fidere
856 1050 980 1093 regnis.
1122 1051 1189 1081 800

77 1094 178 1127 Unde
194 1105 303 1137 genus
321 1094 427 1128 ducis.
476 1093 592 1127 Merui
608 1105 745 1137 quoque
760 1106 768 1134 ;
794 1105 883 1137 saepe
899 1093 1032 1126 furores

79 1139 269 1183 Compressi
286 1143 322 1172 et
337 1139 469 1172 rabiem
485 1143 621 1172 tantam
640 1140 787 1183 coelique
803 1139 985 1182 marisque.

78 1184 111 1217 N
113 1196 151 1217 ec
167 1185 279 1218 minor
294 1185 332 1218 in
349 1185 449 1218 terris
468 1184 665 1228 (Xanthum
682 1184 929 1228 Simoentaque
947 1183 1068 1227 testor)

78 1230 198 1263 AEneae
214 1230 302 1262 mihi
319 1241 403 1264 cura
427 1230 490 1264 tui.
540 1230 656 1271 Quum
673 1230 776 1263 Troia
793 1230 946 1263 Achilles

79 1276 290 1308 Exanimata
307 1282 450 1319 sequens
466 1275 675 1319 impingeret
692 1276 833 1318 agmina
848 1275 965 1318 muris,

80 1321 195 1354 Millia
211 1321 323 1354 multa
340 1321 439 1354 daret
455 1321 535 1363 leto,
552 1326 798 1364 gemerentque
814 1321 939 1364 repleti

80 1366 218 1409 Amnes,
235 1377 299 1400 nec
314 1366 463 1410 reperire
480 1366 573 1399 viam
590 1370 695 1410 atque
712 1367 868 1400 evolvere
884 1369 998 1410 posset

81 1412 124 1445 In
140 1423 235 1445 mare
253 1423 287 1445 se
305 1412 467 1445 Xanthus
482 1423 488 1445 :
514 1412 644 1445 Pelidae
662 1415 748 1445 tunc
765 1423 828 1455 ego
844 1412 927 1445 forti

81 1458 309 1501 Congressum
325 1457 471 1500 AEnean,
488 1469 552 1491 nec
570 1457 622 1490 dis
640 1468 704 1490 nec
721 1458 852 1491 viribus
869 1457 986 1501 aequis,

80 1503 182 1536 Nube
200 1514 285 1536 cava
300 1503 403 1546 rapui
418 1514 424 1536 :
450 1514 612 1547 cuperem
629 1514 737 1546 quum
753 1507 886 1537 vertere
903 1503 946 1536 ab
963 1503 1032 1536 imo
1132 1504 1199 1536 810

82 1548 224 1582 Structa
239 1549 325 1581 meis
342 1548 502 1582 manibus
519 1550 665 1592 perjurae
681 1549 810 1582 moenia
827 1549 945 1592 Trojae.

82 1594 186 1627 Nunc
203 1605 340 1638 quoque
356 1605 453 1627 mens
471 1594 591 1627 eadem
607 1598 740 1638 perstat
756 1595 843 1627 mihi
860 1606 866 1628 :
891 1594 981 1638 pelle
999 1594 1168 1628 timorem.

83 1639 204 1683 Tutus,
222 1651 306 1683 quos
323 1643 431 1684 optas,
448 1644 568 1684 portus
585 1640 726 1673 accedet
742 1639 881 1674 Averni.

84 1685 184 1718 Unus
201 1685 266 1718 erit
283 1688 432 1728 tantum,
449 1685 613 1719 amissum
630 1697 732 1729 quem
749 1687 888 1730 gurgite
906 1688 1037 1730 quau-et
1050 1697 1060 1728 ;

86 1731 204 1764 Unum
220 1742 282 1775 pro
297 1731 418 1764 multis
436 1731 576 1765 dabitur
592 1735 698 1776 caput
712 1735 729 1748 ‘⁹

1300 0 1318 105 *rw

1313 916 1317 953 -.2
1304 814 1318 899 -10-—1‘
1304 840 1305 845 Α
1300 329 1317 822 *<AZ.:-·=-——.--.-ffl⁴“·*'*‘·-*⁴··'-·-::—‚=“*55
