1345 1927
145 51 213 83 298
456 49 493 85 P.
512 50 715 85 VIRGILII
742 50 956 85 MARONIS

147 115 338 159 Gorytique
354 115 446 150 leves
462 116 616 151 humeris
633 122 669 151 et
686 118 801 151 letifer
818 129 928 151 arcus.

148 160 227 194 Una
243 165 362 194 torvus
379 161 495 196 Abas:
520 163 603 196 huic
621 168 734 197 totum
752 163 947 207 insignibus
963 162 1068 196 armis

146 206 293 249 Agmen,
310 210 346 240 et
362 212 484 241 aurato
501 208 659 252 fulgebat
676 209 837 253 Apolline
855 209 991 252 puppis.

148 251 336 286 Sexcentos
352 252 406 286 illi
423 253 566 287 dederat
584 254 778 298 Populonia
795 258 907 287 mater

147 296 319 342 Expertos
335 298 444 332 belli
429 310 599 342 Juvenes;
624 304 678 333 ast
697 300 772 332 llva
790 303 961 333 trecentos

149 343 281 386 Insula,
298 344 517 378 inexhaustis
535 344 766 388 Chalybum
747 356 909 378 orenerosa
926 344 1086 378 metallis.

148 388 294 431 Tertius,
311 389 371 422 ille
388 389 569 423 hominum
586 391 776 434 divumque
793 391 962 434 interpres
979 389 1113 434 Asylas,

150 434 213 468 Cui
230 435 403 478 pecudum
420 435 524 478 fibrae,
542 436 619 469 coeli
636 436 692 469 cui
710 436 821 469 sidera
839 441 972 479 parent,

151 479 198 513 Et
214 480 345 523 linguae
362 480 553 524 voluerum,
571 486 606 515 et
622 482 770 525 praesagi
786 481 944 514 fulminis
962 481 1069 524 ignes,

149 525 249 558 Mille
265 526 359 570 rapit
376 525 498 559 densos
515 527 589 560 acie
606 532 713 570 atque
730 527 949 560 horrentibus
966 526 1084 560 hastis.

151 571 224 604 Hos
241 582 360 615 parere
372 571 500 615 jubent
516 572 661 615 Ajpheae
679 572 722 605 ab
739 573 871 615 origine
888 572 988 614 Pisae,

153 616 240 650 Urbs
258 616 405 650 Etrusca
422 617 500 650 solo.
549 618 714 661 Sequitur
731 617 986 661 pulcherrimus
1003 617 1122 660 Astur,

152 662 260 695 Astur
276 673 364 706 equo
380 662 490 696 fidens
507 666 542 696 et
559 662 819 696 versicoloribus
837 663 950 696 arij.

152 707 359 741 Tercentum
375 708 558 752 adjiciunt,
576 720 673 742 mens
690 708 850 742 omnibus
867 720 938 741 una
956 707 1132 752 sequendi,

153 753 220 794 Qui
239 753 368 788 Caerete
385 754 495 797 domo,
514 755 573 797 qui
592 759 674 788 sunt
691 754 857 787 Minionis
875 754 911 787 in
929 754 1030 797 arvis,

151 798 198 832 Et
215 799 322 843 Pyrgi
339 803 482 842 veteres,
500 800 786 844 intempestaeque
805 800 985 833 Graviscae.

198 844 231 877 N
233 855 276 877 on
294 855 356 888 ego
373 849 418 887 te,
436 845 605 889 Ligurum
623 846 745 878 ductor
762 845 947 878 fortissime
964 844 1065 888 bello,

153 889 370 932 Transierim,
389 890 525 934 Cinyra,
543 895 579 924 et
595 891 715 935 paucis
733 891 896 924 comitate
914 890 1066 935 Cupavo‚

155 935 261 978 Cujus
278 935 417 969 olorinae
435 942 584 980 surgunt
601 937 644 969 de
661 937 789 970 vertice
807 947 950 988 pennae.

154 981 290 1015 Crimen
307 993 402 1014 amor
419 986 582 1015 vestrum.
600 983 813 1025 formaeque
804 982 941 1025 insigne
958 985 1122 1025 paternae.

153 1027 313 1071 Namque
329 1027 457 1070 ferunt,
475 1027 576 1060 luctu
593 1027 750 1071 Cycnum
768 1027 999 1061 Phaethontis
1016 1027 1136 1070 amati,

155 1072 325 1116 Populeas
341 1073 432 1106 inter
449 1054 587 1106 'frondes
603 1073 832 1116 umbramque
849 1084 1003 1106 sororum

154 1118 248 1151 Dum
265 1118 369 1160 canit,
388 1123 422 1152 et
438 1123 599 1152 maestum
615 1118 719 1151 Musa
736 1118 867 1151 solatur
882 1129 1043 1161 amorem,

156 1164 345 1197 Canentem
362 1164 458 1197 molli
476 1164 596 1208 pluma
613 1164 754 1197 duxisse
772 1168 960 1207 senectam,

156 1209 387 1253 Linquentem
404 1214 522 1252 terras,
541 1214 575 1243 et
593 1210 704 1243 sidera
721 1220 803 1242 voce
820 1213 1031 1252 sequentem.

156 1255 278 1298 Filius,
295 1255 445 1299 aequales
463 1256 649 1289 comitatus
666 1255 772 1288 classe
789 1259 954 1296 catervas,

157 1301 341 1343 Ingentem
357 1301 460 1334 remis
477 1301 691 1334 Centaurum
708 1304 886 1344 promovet
901 1313 909 1341 ;
934 1300 994 1333 ine

157 1346 271 1379 Instat
289 1358 399 1390 aquae,
417 1357 610 1390 saxumque
626 1346 730 1379 undis
747 1346 898 1379 immane
914 1346 1070 1379 minatur

157 1392 308 1435 Arduus,
325 1397 360 1425 et
377 1392 481 1435 longa
499 1392 611 1425 sulcat
627 1392 737 1425 maria
753 1391 826 1425 alta
843 1391 970 1425 carina.

206 1437 270 1470 Ille
287 1438 393 1470 etiam
410 1438 533 1481 patriis
550 1449 675 1480 agmen
692 1437 759 1470 ciet
778 1437 894 1470 Ocnus
910 1436 954 1470 ab
971 1436 1049 1480 oris,

160 1483 327 1516 Fatidicae
345 1483 490 1516 Mantus
507 1487 542 1516 et
559 1483 661 1516 Tusci
680 1483 772 1516 filius
789 1482 911 1525 amnis,

160 1528 227 1569 Qui
244 1540 359 1561 muros
375 1529 565 1572 matrisque
582 1528 678 1561 dedit
695 1528 770 1571 tibi,
788 1528 947 1570 Mantua,
965 1538 1149 1569 nomem-›-

161 1574 318 1608 Mantua
335 1574 430 1607 dives
447 1575 542 1607 avis:
568 1574 627 1607 sed
644 1585 712 1607 non
729 1584 838 1617 genus
855 1572 1014 1606 omnibus
1030 1583 1151 1606 unum.

161 1620 251 1652 Gens
269 1611 320 1652 1111
338 1620 477 1664 triplex,
495 1620 615 1663 populi
632 1619 694 1652 sub
711 1623 815 1662 gente
831 1618 1014 1670 quaterni:

101 1711 107 1716 ¹
162 1665 243 1707 Ipsa
259 1670 365 1708 caput
382 1676 459 1709 pop
452 1665 538 1698 dis:
564 1665 673 1698 Tusco
691 1665 733 1698 de
750 1664 920 1708 sanguine
936 1663 1033 1697 vires.

162 1710 257 1744 Hine
273 1722 408 1755 quoque
425 1711 632 1756 quingentos
648 1711 686 1743 in
703 1721 738 1744 se
754 1709 950 1743 Mezentius
966 1711 1089 1752 armat,

1200 162 1265 195 170

1204 617 1270 650 180

1206 1072 1274 1105 190
1318 1072 1320 1076 ’

1210 1527 1314 1577 200:
