1345 1927
325 186 367 222 P.
389 184 663 222 VIRGILII
710 184 994 220 MARONIS

237 319 1083 378 AENEIDOS

421 465 588 498 LIBER
620 465 904 500 SEPTIMUS.

572 573 635 582 m

104 631 157 664 ΤΠ
175 642 312 675 quoque
329 630 489 665 litoribus
506 632 641 674 nostris,
658 631 788 665 AEne'ia
803 632 936 675 nutrix,

103 677 284 710 AEternam
300 677 448 711 moriens
465 676 605 720 famamJ
623 677 751 720 Caieta,
769 677 896 711 dedisti
910 690 919 718 ;

104 722 151 755 Et
167 734 261 755 nune
278 727 392 756 servat
409 723 517 756 honos
534 723 650 756 sedem
667 726 759 766 tuus,
776 734 921 766 ossaque
937 733 1063 756 nomen

104 767 274 811 Hesperia
290 768 327 801 in
343 779 481 811 magna,
499 768 528 801 si
545 779 613 812 qua
629 772 681 801 est
698 779 738 801 ea
755 768 873 811 gloria,
892 768 1017 812 signat.

105 813 153 846 At
171 814 250 857 pius
266 814 439 857 exsequiis
456 813 586 846 AEneas
602 814 669 847 rite
686 813 818 856 solutis,

103 858 240 902 Aggere
258 859 446 902 composito
463 859 603 901 tumuli,
622 863 806 903 postquam
822 858 896 892 alta
913 859 1078 902 quierunt

103 903 264 948 AEquora,
281 904 396 938 tendit
412 905 480 938 iter
495 905 590 947 velis,
608 909 818 948 portumque
834 904 1010 947 relinquit.

104 949 271 993 Aspirant
288 961 381 983 aurae
398 950 436 982 in
452 953 600 992 noctem,
617 961 681 982 nec
698 949 846 982 candida
863 961 983 982 cursus

104 994 205 1028 Luna
220 999 327 1038 negat
343 1007 352 1035 ;
377 995 536 1038 splendet
553 995 701 1028 tremulo
719 995 782 1027 sub
799 995 932 1027 lumine
948 998 1085 1038 pontus.

104 1039 269 1073 Proxima
286 1040 421 1073 Circaeae
438 1040 611 1073 raduntur
627 1040 730 1072 litora
746 1044 857 1083 terrae,
1182 1040 1226 1072 10

103 1084 210 1118 Dives
226 1086 416 1118 inaccessos
433 1085 494 1118 ubi
511 1085 598 1118 Solis
615 1085 688 1118 filia
706 1085 801 1118 lucos

103 1129 252 1164 Assiduo
269 1134 406 1164 resonat
423 1135 540 1171 cantu,
558 1130 728 1173 tectisque
745 1129 899 1173 superbis

104 1175 185 1209 Urit
202 1176 380 1208 odoratam
397 1179 567 1208 nocturna
583 1175 620 1207 in
637 1174 772 1208 lumina
789 1175 942 1218 cedrum,

104 1221 239 1264 Arguto
256 1225 378 1254 tenues
395 1231 597 1264 percurrens
614 1220 752 1263 pectine
769 1219 865 1254 telas.

105 1265 199 1299 Hinc
217 1266 376 1299 exaudiri
393 1266 544 1308 gemitus
561 1265 690 1307 iraeque
706 1265 857 1308 leonum,

105 1310 232 1344 Vincla
247 1314 481 1353 recusantum,
498 1314 534 1344 et
548 1321 625 1343 sera
641 1310 705 1343 sub
721 1314 822 1344 nocte
838 1309 1028 1344 rudentum
1040 1322 1051 1352 ;

105 1355 333 1400 Saetigerique
349 1367 435 1399 sues,
453 1359 559 1400 atque
574 1355 612 1388 in
629 1355 839 1399 praesepibus
855 1356 928 1389 ursi

105 1401 244 1444 Saevire,
262 1412 302 1434 ae
319 1401 439 1434 formae
456 1412 663 1444 magnorum
679 1401 816 1434 ululare
832 1401 995 1444 luporum
1008 1413 1018 1442 ;

106 1446 199 1487 Quos
215 1447 398 1480 hominum
414 1458 458 1479 ex
474 1446 564 1480 facie
580 1446 645 1479 dea
663 1456 753 1479 saeva
769 1446 970 1489 potentibus
985 1444 1099 1480 herbis

105 1491 276 1525 Induerat
293 1492 390 1525 Circe
405 1491 444 1524 in
460 1491 580 1525 vultus
597 1502 637 1524 ac
654 1494 753 1534 terga
768 1492 931 1524 ferarum.
1181 1492 1225 1524 20

106 1536 192 1578 Quae
208 1549 252 1570 ne
268 1540 423 1570 monstra
439 1537 490 1580 pii
507 1540 711 1580 paterentur
728 1536 814 1570 talia
831 1537 947 1579 Troes,

105 1581 225 1616 Delati
241 1582 279 1615 in
295 1586 425 1626 portus,
442 1593 512 1614 neu
528 1580 632 1614 litora
648 1581 724 1614 dira
741 1581 918 1616 subirent:

105 1627 294 1671 Neptunus
311 1627 424 1661 ventis
441 1626 601 1670 implevit
617 1626 694 1660 vela
711 1627 880 1669 secundis,

105 1672 223 1715 Atque
239 1673 361 1716 fugam
378 1672 485 1714 dedit,
503 1676 538 1705 et
554 1675 680 1715 praeter
696 1672 786 1705 vada
802 1671 937 1705 fervida
952 1671 1059 1706 vexit.

153 1717 303 1762 Jamque
319 1717 524 1752 rubescebat
539 1717 646 1752 radiis
662 1728 766 1761 mare,
783 1721 819 1751 et
835 1716 962 1751 aethere
978 1717 1022 1750 ab
1039 1717 1110 1751 alto

1305 1420 1329 1729 4-——29522
1316 1077 1330 1402 *.<..—-,.-
1327 1050 1329 1067 „e
