1345 1927
314 173 361 209 P.
382 172 656 210 VIRGILII
690 172 970 208 MARONIS

259 308 1027 367 AENEIDOS

419 445 587 479 LIBER
619 444 865 478 TERTIUS.

543 566 736 575 mmm

85 670 104 686 “
116 669 315 707 POSTQUAM
334 679 387 701 res
405 667 497 701 Asiae
515 666 716 710 Priamique
733 670 886 701 evertere
903 670 1045 710 gentem

86 713 305 746 Immeritam
322 713 435 746 visum
453 713 595 757 superis,
613 713 809 756 ceciditque
827 712 1014 756 superbum

85 759 202 802 Ilium,
221 763 256 792 et
272 759 383 792 omnis
400 759 507 792 humo
523 759 639 792 fumat·
656 758 835 802 Neptunia
851 758 953 802 Troja
967 771 975 799 3

86 804 232 838 Diversa
250 805 373 838 exsilia
390 808 426 838 et
443 805 595 838 desertas
613 815 764 848 quaerere
781 808 889 838 terras

85 851 253 894 Auguriis
270 851 408 894 agimur
425 851 555 893 divum,
573 850 784 894 classemque
801 849 865 883 sub
881 850 958 894 ipsa

84 897 267 930 Antandro
285 901 320 930 et
337 896 501 940 Phrygiae
517 896 680 928 molimur
696 895 873 929 montibus
891 895 973 940 Idae,

88 943 220 976 Incerti
237 953 304 986 quo
321 942 396 975 fata
412 942 537 985 ferant,
554 941 615 974 ubi
634 941 752 975 sistere
769 941 871 974 detur
886 954 894 982 ;

86 988 399 1031 Contrahimusque
415 988 515 1021 viros.
557 987 628 1020 Vix
644 987 758 1031 prima
773 987 950 1031 inceperat
967 990 1087 1028 aestas;

84 1034 131 1067 Et
149 1038 248 1078 pater
264 1034 432 1067 Anchises
450 1033 531 1066 dare
547 1033 630 1066 fatis
647 1033 724 1066 vela
737 1032 884 1076 jubebat
898 1045 906 1074 ;

85 1080 203 1113 Litora
219 1091 329 1124 quum
345 1080 467 1124 patriae
483 1079 668 1112 lacrimans
685 1083 874 1123 portusque
889 1079 1048 1122 relinquo

83 1125 130 1159 Et
147 1137 294 1170 campos,
312 1125 373 1158 ubi
390 1126 491 1169 Troja
507 1125 586 1158 fuit.
627 1124 731 1158 Feror
747 1124 846 1158 exsul
863 1124 900 1157 in
916 1124 1029 1158 altum

85 1172 170 1205 Cum
188 1172 287 1205 sociis
303 1176 456 1214 natoque
472 1170 658 1214 penatibus
676 1175 710 1204 et
727 1171 863 1214 magnis
879 1170 941 1204 dis.

135 1216 152 1231 ‘⁵
167 1215 271 1249 Terra
287 1217 410 1260 procul
427 1216 535 1249 vastis
551 1215 679 1248 colitur
696 1215 871 1249 Mavortia
887 1216 1028 1260 campis,

82 1261 231 1294 Thraces
248 1264 360 1303 arant,
377 1260 448 1293 acri
466 1260 641 1304 quondam
657 1265 803 1304 regnata
819 1260 978 1305 Lycurgo
992 1274 1001 1303 ς

83 1307 287 1351 Hospitium
304 1306 491 1350 antiquum
508 1305 627 1349 Trojae,
645 1307 795 1350 sociique
811 1311 964 1351 penates,

82 1353 177 1386 Dum
193 1353 334 1386 fortuna.
350 1352 429 1386 fuit.
470 1352 575 1385 Feror
591 1352 669 1395 huc,
687 1356 722 1386 et
738 1353 838 1386 litore
855 1364 961 1387 curvo

83 1398 215 1433 Moenia
231 1398 343 1442 prima
359 1397 443 1441 loco,
460 1398 544 1431 fatis
560 1398 734 1441 ingressus
751 1399 900 1442 iniquis;

81 1445 326 1488 AEneadasque
342 1455 418 1477 meo
434 1455 559 1476 nomen
577 1443 619 1477 de
635 1444 774 1477 nomine
791 1444 894 1488 fingo.

129 1491 148 1505 “
163 1490 267 1522 Sacra
286 1490 436 1523 Dionaeae
455 1488 560 1521 matri
578 1488 737 1531 divisque
753 1489 907 1522 ferebam

80 1533 291 1577 Auspicibus
308 1538 501 1577 coeptorum
518 1545 662 1578 operum
676 1546 685 1575 3
711 1545 903 1579 superoque
919 1535 1092 1570 nitentem

79 1579 278 1612 Coelicolum
295 1579 369 1623 regi
385 1579 581 1613 mactabam
597 1580 635 1612 in
652 1579 753 1614 litore
769 1584 921 1615 taurum.

79 1624 182 1658 Forte
198 1625 269 1658 fuit
280 1626 388 1668 juxta
405 1625 572 1667 tumulus,
591 1636 658 1669 quo
676 1637 800 1660 cornea
817 1638 951 1661 summo

77 1669 250 1714 Virgulta,
269 1675 303 1704 et
320 1671 435 1704 densis
451 1670 635 1705 hastilibus
652 1671 793 1706 horrida
809 1677 955 1716 myrtus.

77 1715 214 1750 Accessi
228 1729 238 1759 ;
263 1717 477 1761 viridemque
494 1716 538 1750 ab
555 1717 662 1751 humo
679 1717 870 1752 convellere
887 1718 1013 1753 silvam

1160 1081 1202 1112 10

1154 1538 1200 1570 20
