1320 1932
418 125 635 160 AENEIDOS
660 125 747 159 LIB.
774 125 833 158 IX.
1118 127 1182 157 25<ss

71 194 273 238 Agnoscunt
290 193 398 237 spolia
414 194 506 226 inter
523 204 567 235 se,
584 193 788 236 galeamque
804 193 976 225 nitentem

71 238 231 282 Messapi,
248 243 283 272 et
299 239 409 272 multo
426 239 584 283 phaleras
601 238 721 271 sudore
737 243 901 281 receptas.

117 285 163 317 Et
173 286 250 327 Jam
265 285 377 328 prima
392 296 478 317 novo
496 283 679 328 spargebat
694 284 826 316 lumine
844 289 952 316 terras

70 329 211 363 Tithoni
227 341 383 363 croceum
398 330 558 374 linquens
575 332 705 362 Aurora
722 328 855 363 cubile:
1115 330 1181 361 460

69 375 153 408 Jam
169 375 238 408 sole
254 375 405 418 infuso,'
391 387 466 419 Jam
482 374 582 407 rebus
598 375 674 407 luce
691 375 840 417 retectis,

69 419 230 453 Turnus
219 432 258 453 m
273 432 369 454 arma
386 421 485 463 viros,
502 420 606 453 armis
623 419 883 453 eii-‘eumdatus
874 431 957 464 lpse,

68 464 242 506 Suscitat3
268 471 458 518 aeratasque
475 466 564 499 acies
580 466 618 498 ιιι
634 465 756 509 proelia
774 476 834 508 cog
817 466 866 498 vit

69 510 220 555 Quisque
236 523 323 554 suas,
342 512 512 564 variisque
528 516 659 544 acuunt
675 510 894 544 rumoribus·
885 522 963 545 iras.

68 556 185 596 Quin
175 568 251 600 ipsa
267 557 417 600 arrectis,
434 557 511 590 visu
526 556 730 599 miserabile,
747 556 785 589 in
801 556 910 589 hastis

66 601 192 645 Praefig
196 607 258 635 unt
274 603 398 646 capita,
416 606 451 636 et
467 602 578 635 multo
595 583 742 635 elamor⁷e
759 606 961 646 sequuntur,

66 646 211 691 Euryali
227 652 262 680 et
279 648 364 681 Nisi.

65 692 231 726 AEneadae
248 693 327 726 duri
341 704 520 726 murorum
537 693 574 725 in
591 696 690 737 parte
707 693 847 726 sinistra

66 737 262 782 Opposuere
279 739 397 781 aciem,
415 750 497 772 nam
514 738 657 771 dextera
675 738 828 781 cingitur
844 738 949 781 amni,

64 782 298 827 Ingentesque
314 788 435 817 tenent
451 784 567 825 fossas,
586 788 621 816 et
637 783 791 816 turribus
808 783 889 816 altis
1109 786 1176 816 470

63 828 168 861 Stant
184 830 296 862 maesti
310 841 316 862 :
342 829 447 861 simul
463 840 522 862 ora
539 829 652 861 virum
669 828 811 872 praefixa
826 827 1021 872 movebant,

62 873 156 907 Nota
172 874 275 907 nimis
291 874 434 917 miseris,
452 878 596 917 atroque
612 874 757 907 fluentia
775 873 862 907 tabo.

109 919 248 952 Interea
264 919 427 963 pavidam
443 919 592 952 volitans
609 925 762 963 pennata
778 931 839 963 per
855 919 976 952 urbem

61 963 200 998 Nuneia
216 965 325 998 Fama
340 965 423 1008 ruit,
439 966 629 1008 matrisque
647 965 813 998 allabitur
829 976 929 998 aures

62 1009 215 1053 Euryali
263 1010 311 1043 At
330 992 464 1043 subit'us
481 1011 614 1044 miserae
631 1011 723 1044 calor
740 1022 814 1044 ossa
830 1010 994 1055 reliquit:

61 1054 206 1088 Excussi
222 1055 383 1089 manibus
398 1056 497 1099 radii,
514 1056 738 1100 revolutaque
755 1068 870 1100 pensa.

61 1099 185 1134 Evolat
201 1101 335 1144 infelix,
353 1105 388 1134 et
399 1102 548 1135 femineo
564 1102 715 1145 ululatu,

62 1145 173 1179 Scissa
189 1157 332 1189 comam,
349 1158 464 1180 muros
480 1158 597 1180 amens
614 1151 720 1190 atque
737 1147 877 1190 agmina
893 1158 996 1181 eursu

61 1190 178 1225 Prima
194 1192 306 1235 petit:
330 1203 400 1225 non
416 1192 478 1226 illa
497 1192 618 1235 virum,
635 1204 704 1226 non
720 1192 782 1226 illa
798 1193 927 1236 pericli,

59 1236 286 1281 Telorumque
298 1238 449 1271 memor:
474 1238 599 1271 coelum
613 1238 737 1271 dehinc
750 1238 928 1287 questibus
940 1238 1084 1282 implet:
1103 1241 1171 1272 480

58 1279 77 1297 ‘⁴
89 1279 194 1315 Hunc
210 1292 272 1325 ego
288 1284 332 1323 te,
351 1281 511 1325 Euryale,
528 1282 656 1325 aspicio
672 1281 684 1314 2
709 1286 794 1314 tune
811 1281 873 1314 illa
890 1288 1037 1316 senectae

59 1325 141 1359 Sera
156 1337 241 1359 meae
256 1326 401 1370 requies,
418 1326 562 1369 potuisti
578 1326 735 1369 linquere
752 1325 868 1368 solam,

60 1371 215 1404 Crudelis
229 1371 242 1405 2
266 1383 330 1404 nec
347 1376 391 1414 te,
409 1371 473 1404 sub
489 1375 590 1404 tanta
606 1371 761 1415 pericula
776 1371 930 1414 missum,

58 1416 167 1450 Affari
184 1420 382 1450 extremum
396 1417 529 1450 miserae
547 1417 629 1450 data
645 1417 744 1460 copia
759 1416 865 1449 matri
879 1416 892 1449 3

59 1461 148 1504 Heu,
166 1465 258 1496 terra
273 1462 394 1505 ignota
411 1462 554 1495 canibus
572 1462 653 1495 date
669 1462 787 1505 praeda
804 1461 940 1494 Latinis

26 1535 33 1540 .
58 1489 305 1551 Alitibusque
290 1519 407 1551 Jaces.
401 1509 407 1531 ¹
434 1519 496 1541 nec
513 1511 549 1541 te
565 1512 629 1541 tua
643 1508 767 1540 funera
781 1511 895 1540 mater

18 1577 30 1586 .
57 1551 222 1596 Produxi,
238 1553 388 1597 pressive
405 1553 528 1595 oculos,
546 1557 609 1586 aut
625 1553 771 1586 vulnera
786 1552 865 1593 lavi,

59 1597 162 1632 Veste
179 1602 322 1642 tegens;
346 1598 413 1631 tibi
430 1610 535 1642 quam
550 1603 668 1632 noctes
683 1598 812 1632 festina
828 1598 969 1642 diesque

58 1643 242 1687 Urgebam,
259 1648 295 1677 et
311 1644 382 1677 tela
399 1655 499 1677 curas
516 1643 650 1677 solabar
665 1643 784 1677 aniles.

31 1695 33 1698 '
58 1688 133 1730 Quo
150 1700 274 1732 sequar
286 1689 299 1723 ‘3
324 1694 386 1723 aut
400 1701 477 1733 quae
490 1701 584 1722 nunc
601 1694 706 1732 artus,
720 1689 908 1732 avulsaque
923 1688 1087 1733 membra,
1097 1692 1166 1724 490

57 1734 104 1768 Et
119 1735 225 1768 funus
240 1734 393 1768 lacerum
410 1735 515 1768 tellus
530 1735 636 1768 habet
650 1734 662 1768 ’.Ι
686 1735 750 1768 hoc
766 1735 854 1767 mihi
871 1734 913 1768 de
929 1739 974 1776 te,

57 1779 158 1823 Nate,
175 1780 281 1814 refers
294 1780 307 1813 2
331 1780 397 1813 hoe
414 1792 490 1813 sum
506 1786 667 1833 terraque
683 1780 839 1823 marique
857 1785 974 1814 secuta
987 1780 1000 1814 ’ἔ

59 1824 173 1867 Figite
189 1837 253 1869 me,
271 1826 300 1859 si
316 1836 386 1869 qua
403 1830 454 1860 est
470 1827 604 1870 pietas;
628 1827 665 1859 in
681 1837 736 1860 me
753 1826 869 1860 omnia
885 1826 956 1860 tela
