1330 1932
412 45 631 80 AENEIDOS
656 46 743 81 LIB.
769 47 810 81 V.

57 109 226 144 Ardentes
244 109 325 144 dare
342 111 416 144 visa
431 112 533 145 faces.
582 112 652 146 Hic
669 113 814 156 quaerite
831 106 968 157 Trojam
982 126 991 155 3

56 155 125 189 Hic
142 156 263 189 domus
280 160 340 200 est,
357 157 483 200 inquit,
500 156 604 191 vobis.
652 158 678 191 J
679 170 736 192 am
753 162 889 203 tempus
906 160 963 203 agi
979 171 1032 193 res
1047 172 1057 201 ;

55 200 89 234 N
90 212 128 234 ec
145 201 252 234 tantis
269 213 365 235 mora
380 202 555 245 prodigiis.
602 203 657 236 En
674 207 823 246 quatuor
838 215 907 237 aroe

54 246 229 290 Neptuno.
277 247 371 280 Deus
387 247 461 291 ipse
476 248 569 281 faces
585 248 810 293 animumque
825 247 1030 284 ministrat.''

56 291 142 324 Haec
158 303 361 335 memorans,
377 293 490 336 prima
505 293 681 327 infensum
697 294 733 328 vi
750 295 892 339 corripit
908 296 1036 340 ignem,

55 336 268 381 Sublataque
285 338 405 381 procul
422 338 549 372 dextra
565 340 715 373 connixa
732 344 898 383 coruscat,

54 381 101 414 Et
112 383 210 425 jacit.
258 383 411 416 Arrectae
426 387 569 427 mentes,
588 385 851 429 stupefactaque
868 386 972 420 corda

55 427 215 461 Iliadum.
265 428 334 461 Hic
350 440 421 462 una
437 440 456 462 e
472 429 603 472 multis,
621 441 697 474 quae
714 431 869 465 maxima
885 435 983 476 natu,

54 471 178 516 Pyrgo‚
195 475 248 506 tot
265 473 395 523 lJriami
410 477 573 508 natorum
589 476 685 518 regia
701 477 845 525 nutrix:

55 517 163 550 “Non
179 517 286 551 Beroe
304 517 408 560 vobis,
425 528 495 550 non
512 517 586 550 haec
604 518 774 562 Rhoeteia,
791 522 929 562 matres,

54 561 118 595 Est
135 562 275 605 Dorycli
292 563 430 606 conjux.
477 563 599 596 Divini
617 564 717 606 signa
734 564 874 606 decoris,

55 607 295 650 Ardentesque
311 611 430 641 notate
447 608 561 641 oculos
575 621 584 649 3
609 609 670 652 qui
687 609 829 653 spiritus
846 609 908 652 illi,

57 652 125 693 Qui
141 652 270 695 vultus,
288 653 422 686 vocisve
439 664 551 696 sonus,
568 654 623 686 vel
640 665 775 697 gressus
793 655 900 688 eunti.

56 697 138 741 Ipsa
153 701 288 741 egomet
304 698 438 731 dudum
454 699 589 731 Beroen
606 699 758 742 digressa
773 699 900 743 reliqui

55 743 208 786 AEgram,
225 743 477 786 indignantem,
494 744 559 776 tali
575 745 667 787 quod
685 745 756 777 sola
773 748 904 778 careret

54 787 210 830 Munere,
227 799 292 822 nec
308 788 448 822 meritos
464 788 627 822 Anchisae
644 789 789 823 inferret
806 787 979 825 honores?

55 833 142 866 Haec
158 833 272 867 effata.

53 878 102 912 At
118 882 245 912 matres
261 878 373 923 primo
390 879 560 923 ancipites
577 879 753 924 oculisque
769 880 932 924 malignis

53 923 236 968 Ambiguae
254 928 408 968 spectare
424 929 526 966 rates,
542 925 707 959 miserum
724 926 816 959 inter
833 938 985 960 amorem

55 969 240 1003 Praesentis
257 973 367 1013 terrae,
385 971 536 1014 fatisque
552 972 714 1005 vocantia
729 983 857 1015 regna:

56 1015 172 1056 Quum
189 1016 253 1049 dea
270 1026 304 1048 se
322 1016 461 1059 paribus
478 1027 539 1060 per
556 1016 682 1050 coelum
699 1017 843 1051 sustulit
859 1017 933 1060 alis,

55 1061 306 1105 Ingentemque
322 1061 409 1104 fuga
425 1062 534 1095 secuit
551 1062 615 1095 sub
631 1062 782 1096 nubibus
799 1074 928 1097 arcum.

54 1105 143 1139 Tum
160 1118 238 1140 vero
255 1107 414 1140 attonitae
431 1108 593 1141 monstris
610 1111 765 1152 actaeque
781 1109 896 1142 furore

55 1152 289 1193 Conclamant,
307 1153 517 1196 rapiuntque
533 1153 619 1186 focis
635 1154 871 1197 penetralibus
888 1154 1006 1197 ignem
1020 1166 1030 1196 3

55 1197 138 1230 Pars
156 1198 306 1241 spoliant
322 1209 408 1241 aras,
424 1198 583 1231 frondem
600 1210 640 1232 ac
656 1199 809 1242 virgulta
825 1199 987 1243 facesque

55 1243 261 1286 Oonjiciunt.
310 1243 411 1276 Furit
426 1244 588 1276 immissis
606 1244 785 1277 Vulcanus
801 1244 946 1278 habenis

55 1288 220 1321 Transtra
235 1299 296 1332 per
313 1292 347 1321 et
363 1300 473 1321 remos
491 1293 526 1322 et
542 1289 653 1332 pictas
671 1288 783 1322 abiete
800 1300 943 1333 puppes.

55 1333 213 1367 Nuncius
230 1333 392 1367 Anchisae
408 1334 453 1367 ad
469 1334 647 1367 tumulum
664 1345 857 1378 cuneosque
873 1334 1004 1369 theatri

57 1379 218 1412 Incensas
235 1379 365 1422 perfert
380 1390 486 1412 naves
503 1379 669 1413 Eumelus
683 1392 692 1420 ;
717 1383 752 1413 et
768 1380 836 1424 ipsi

56 1424 261 1468 Respiciunt
278 1428 390 1457 atram
406 1425 444 1457 in
459 1424 577 1458 nimbo
594 1425 739 1458 volitare
755 1425 922 1460 favillam.

55 1470 192 1503 Primus
210 1473 245 1503 et
262 1469 440 1513 Ascanius,
459 1481 579 1503 cursus
595 1475 637 1504 ut
653 1470 753 1504 laetus
770 1475 944 1515 equestres

55 1515 222 1558 Ducebat,
241 1515 288 1548 sic
305 1526 382 1548 acer
399 1527 486 1559 equo
503 1515 644 1550 turbata
660 1516 786 1560 petivit

56 1561 176 1595 Castra
190 1573 198 1601 ;
222 1572 285 1593 nec
302 1561 478 1594 exanimes
494 1565 640 1605 possunt
655 1562 803 1595 retinere
818 1561 987 1605 magistri.

1103 51 1167 83 193

1100 253 1166 285 640

1102 703 1168 734 650

1101 1156 1168 1188 660

61 1608 79 1625 “
87 1607 171 1647 Quis
181 1607 276 1639 furor
286 1606 351 1639 iste
361 1618 468 1640 novus
477 1607 490 1640 2
509 1619 575 1650 quo
586 1618 689 1649 nunc,
697 1618 764 1658 quo
775 1606 949 1648 tenditis,'’
961 1605 1087 1649 inquit,
1101 1605 1169 1639 670

60 1652 79 1669 “
91 1652 171 1685 Heu
187 1652 321 1685 miserae
338 1652 428 1685 cives
444 1652 456 1685 2
481 1663 551 1685 non
567 1652 710 1693 hostem,
727 1652 934 1694 mimicaque
951 1655 1064 1684 castra

61 1697 227 1740 Argivum
241 1709 250 1738 ;
274 1701 403 1731 vestras
420 1708 495 1741 spes
513 1697 621 1731 uritis.
669 1697 734 1736 En⁴
751 1708 813 1740 ego
830 1700 941 1730 vester

603 1753 623 1775 0
