1345 1927
135 65 180 97 60
446 63 482 97 P.
511 64 714 98 VIRGILII
740 63 954 98 MARONIS

132 129 181 163 Ut
198 129 374 174 quondam
390 130 427 163 in
444 131 583 174 stipulis
599 142 748 174 magnus
765 132 838 164 sine
856 131 987 164 viribus
1004 131 1105 174 ignis,

133 174 315 208 Incassum
331 176 428 210 furit.
477 176 568 219 Ergo
585 177 718 210 animos
738 188 922 221 aevumque
937 177 1075 210 notabis
1193 178 1259 210 100

132 220 312 265 Praecipue
326 234 334 262 ;
359 221 442 254 hinc
459 221 546 255 alias
562 226 666 265 artes,
683 222 884 266 prolemque
900 227 1096 266 parentum,

131 265 179 300 Et
195 267 272 310 quis
290 267 415 311 cuique
433 267 530 300 dolor
546 267 648 310 victo,
666 279 744 311 quae
761 267 871 311 gloria
887 268 1022 313 palmae.

130 311 255 345 Nonne
271 313 377 356 vides,
395 324 504 357 quum
521 313 693 357 praecipiti
711 313 900 347 certamine
916 324 1080 359 campum

132 357 344 402 Corripuere,
361 362 541 403 ruuntque
558 358 658 391 effusi
675 370 810 392 carcere
827 370 958 402 currus,

132 403 250 444 Quum
265 414 341 448 spes
357 409 501 438 arrectae
514 406 695 448 juvenum,
714 404 998 449 exsultantiaque
1015 405 1136 439 haurit

131 449 241 482 Corda
257 461 364 493 pavor
381 450 524 495 pulsans
537 462 546 491 3
571 450 624 483 illi
641 450 775 483 instant
792 450 932 484 verbere
949 455 1050 495 torto,

132 495 177 528 Et
194 495 295 539 proni
311 495 398 529 dant
414 495 487 530 lora
501 508 510 537 3
535 495 630 529 volat
647 496 683 529 vi
699 496 854 529 fervidus
871 496 947 530 axis
962 509 970 537 ;

131 541 282 584 Jamque
299 541 461 584 humiles,
471 543 615 585 jamque
632 541 717 574 elati
734 542 882 576 sublime
898 542 1064 575 videntur

130 587 224 620 Aera
240 598 301 630 per
317 598 469 620 vacuum
485 587 577 630 ferri,
595 591 701 630 atque
719 598 896 630 assurgere
912 587 950 620 in
967 598 1069 621 auras
1084 600 1092 629 ;

130 631 163 664 Ν
165 643 203 665 ec
219 644 324 675 mora,
341 644 405 666 nec
422 633 558 676 requies
574 645 581 673 ;
607 636 644 666 at
660 633 768 666 fulvae
785 633 925 666 nimbus
942 644 1056 666 arenae
1191 635 1258 668 110

130 677 279 711 Tollitur
293 691 302 719 ;
326 678 536 711 humescunt
553 678 684 722 spumis
701 678 858 722 flatuque
875 683 1104 723 sequentum:

130 723 262 757 Tantus
280 735 375 757 amor
392 724 547 767 laudum,
566 728 676 757 tantae
693 728 745 758 est
762 725 908 758 victoria
925 736 1026 758 curae.

129 769 267 802 Primus
285 770 532 803 E1ichth0nius
550 768 671 803 currus
688 774 723 803 et
740 776 890 814 quatuor
906 782 1012 804 ausus

129 815 155 848 J
157 827 287 859 ungere
304 827 418 859 equos,
435 815 646 860 rapidusque
662 816 747 849 rotis
763 816 921 849 insistere
938 817 1056 850 victor.

129 860 242 894 Frena
259 861 473 895 Pelethronii
491 861 650 905 Lapithae
667 873 838 906 gyrosque
855 862 980 896 dedere

129 906 290 950 Impositi
307 907 414 950 dorso,
432 911 538 951 atque
555 908 709 951 equitem
726 908 871 941 docuere
889 908 952 941 sub
969 908 1075 942 armis

129 952 304 986 Insultare
321 952 401 995 solo,
419 957 455 986 et
471 964 608 995 gressus
624 953 814 997 glomerare
832 953 1004 998 superbos.

127 998 264 1042 AEquus
281 1002 428 1042 uterque
445 998 542 1032 labor
556 1011 564 1039 ;
589 1010 687 1043 aeque
699 1000 934 1043 juvenemque
949 1000 1110 1044 magistri

127 1044 331 1088 Exquirunt
349 1044 571 1088 calidumque
588 1045 714 1078 animis
731 1049 766 1078 et
783 1045 940 1078 cursibus
957 1057 1071 1080 acrem
1085 1058 1095 1088 ς

129 1090 294 1130 Quamvis
312 1102 401 1134 saepe
419 1091 505 1134 fuga
522 1102 635 1124 versos
652 1091 711 1124 ifle
729 1092 838 1135 egerit
855 1091 979 1134 hostes,
1192 1093 1258 1126 120

127 1135 173 1168 Et
190 1136 342 1180 patriam
359 1136 505 1180 Epirum
522 1137 650 1170 referat
667 1137 842 1181 fortesque
859 1136 1035 1181 Mycenas,

125 1180 354 1226 Neptunique
372 1182 447 1226 ipsa
463 1182 615 1216 deducat
632 1182 764 1226 origine
781 1187 932 1227 gentem.

174 1227 241 1260 His
259 1227 508 1261 animadversis
525 1228 660 1262 instant
677 1228 740 1261 sub
758 1233 905 1273 tempus,
924 1232 959 1262 et
975 1240 1094 1264 omnes

127 1272 343 1317 impendunt
360 1285 460 1307 cura-s
478 1273 582 1307 denso
600 1274 795 1307 distendere
812 1274 945 1319 pingui,

127 1318 238 1359 Quem
254 1319 368 1362 legere
385 1319 518 1363 ducem7
537 1323 572 1353 et
589 1320 704 1364 pecori
721 1320 840 1354 dixere
855 1320 1023 1354 maritum
1037 1333 1046 1362 3

126 1363 371 1409 Pubentesque
388 1370 507 1399 secant
524 1366 656 1409 herbas,
674 1366 868 1410 fluviosque
883 1367 1095 1402 ministrant.

126 1409 314 1453 Farraque,
331 1423 375 1444 ne
392 1411 520 1444 blando
536 1416 688 1455 nequeat
705 1423 881 1456 superesse
897 1411 1017 1456 labori,

125 1455 347 1500 Invalidique
363 1460 506 1500 patrum
521 1457 675 1490 referant
686 1458 824 1502 jejunia
839 1458 924 1492 nati.

124 1501 207 1546 Ipsa
223 1506 343 1536 autem
358 1502 469 1536 macie
486 1506 636 1536 tenuant
653 1508 812 1537 armenta
829 1504 994 1547 volentes,

123 1548 250 1592 Atque,
267 1548 328 1581 ubi
345 1547 550 1582 concubitus
567 1549 695 1593 primos
707 1550 784 1593 jam
799 1553 884 1584 nota
899 1550 1061 1594 voluptas
1187 1552 1256 1585 130

123 1593 308 1637 Sollicitat,
325 1594 532 1638 frondesque
548 1599 680 1638 negant
697 1599 732 1629 et
750 1595 906 1629 fontibus
922 1599 1052 1630 arcent.

123 1639 222 1683 Saepe
239 1640 345 1673 etiam
362 1651 465 1673 cursu
482 1641 657 1684 quatiunt,
676 1645 711 1674 et
728 1641 797 1675 sole
813 1642 977 1685 fatigant,

125 1684 241 1725 Quum
257 1686 411 1728 graviter
428 1687 540 1719 tunsis
557 1687 666 1730 gemit
684 1698 764 1720 area
779 1687 950 1731 frugibus,
967 1691 1004 1720 et
1020 1698 1130 1732 quum

123 1730 332 1775 Surgentem
349 1732 393 1765 ad
411 1732 602 1777 zephyrum
620 1733 729 1777 paleae
741 1734 924 1777 jactantur
940 1733 1070 1768 inanes.

1329 882 1339 1079 „anom—
1325 772 1340 876 -2-&2
1315 732 1333 757 ἐ
1323 702 1331 717 “’
