<?xml version="1.0" encoding="UTF-8"?>
<!DOCTYPE html PUBLIC "-//W3C//DTD XHTML 1.0 Transitional//EN"
    "http://www.w3.org/TR/xhtml1/DTD/xhtml1-transitional.dtd">
<html xmlns="http://www.w3.org/1999/xhtml" xml:lang="en" lang="en">
 <head>
  <title>
</title>
<meta http-equiv="Content-Type" content="text/html;charset=utf-8" />
  <meta name='ocr-system' content='tesseract 3.04.00' />
  <meta name='ocr-capabilities' content='ocr_page ocr_carea ocr_par ocr_line ocrx_word'/>
</head>
<body>
  <div class='ocr_page' id='page_1' title='image "./operaomnia00virguoft/operaomnia00virguoft_0316.png"; bbox 0 0 1345 1927; ppageno 0'>
   <div class='ocr_carea' id='block_1_1' title="bbox 142 60 953 96">
    <p class='ocr_par' dir='ltr' id='par_1_1' title="bbox 142 60 953 96">
     <span class='ocr_line' id='line_1_1' title="bbox 142 60 953 96; baseline 0.006 -5"><span class='ocrx_word' id='word_1_1' title='bbox 142 62 208 92; x_wconf 76' lang='lat'>:308</span> <span class='ocrx_word' id='word_1_2' title='bbox 448 60 483 93; x_wconf 87' lang='lat' dir='ltr'><strong>P.</strong></span> <span class='ocrx_word' id='word_1_3' title='bbox 511 60 713 94; x_wconf 81' lang='lat' dir='ltr'><strong>VIRGILII</strong></span> <span class='ocrx_word' id='word_1_4' title='bbox 740 61 953 96; x_wconf 64' lang='lat' dir='ltr'>MARONIS</span> 
     </span>
    </p>
   </div>
   <div class='ocr_carea' id='block_1_2' title="bbox 141 127 1313 1758">
    <p class='ocr_par' dir='ltr' id='par_1_2' title="bbox 141 127 1256 263">
     <span class='ocr_line' id='line_1_2' title="bbox 143 127 1107 167; baseline 0.002 -9"><span class='ocrx_word' id='word_1_5' title='bbox 143 127 299 160; x_wconf 77' lang='lat' dir='ltr'><strong>Vertitur</strong></span> <span class='ocrx_word' id='word_1_6' title='bbox 313 139 321 167; x_wconf 91' lang='lat'>;</span> <span class='ocrx_word' id='word_1_7' title='bbox 345 130 408 160; x_wconf 88' lang='lat' dir='ltr'><strong>aut</strong></span> <span class='ocrx_word' id='word_1_8' title='bbox 425 128 541 160; x_wconf 87' lang='lat' dir='ltr'><strong>anima</strong></span> <span class='ocrx_word' id='word_1_9' title='bbox 557 138 628 160; x_wconf 91' lang='lat' dir='ltr'><strong>una</strong></span> <span class='ocrx_word' id='word_1_10' title='bbox 645 128 741 161; x_wconf 83' lang='lat' dir='ltr'><strong>dabit</strong></span> <span class='ocrx_word' id='word_1_11' title='bbox 759 129 958 160; x_wconf 71' lang='lat' dir='ltr'><strong>discrimina</strong></span> <span class='ocrx_word' id='word_1_12' title='bbox 977 127 1107 160; x_wconf 85' lang='lat' dir='ltr'><strong>tanta.&#39;&#39;</strong></span> 
     </span>
     <span class='ocr_line' id='line_1_3' title="bbox 142 173 1256 206; baseline 0.002 -3"><span class='ocrx_word' id='word_1_13' title='bbox 142 173 294 205; x_wconf 75' lang='lat' dir='ltr'>Dixerat.</span> <span class='ocrx_word' id='word_1_14' title='bbox 344 173 473 206; x_wconf 79' lang='lat' dir='ltr'><strong>AEneas</strong></span> <span class='ocrx_word' id='word_1_15' title='bbox 491 179 610 206; x_wconf 83' lang='lat' dir='ltr'><strong>contra</strong></span> <span class='ocrx_word' id='word_1_16' title='bbox 626 174 682 206; x_wconf 91' lang='lat' dir='ltr'><strong>cui</strong></span> <span class='ocrx_word' id='word_1_17' title='bbox 701 173 785 206; x_wconf 85' lang='lat' dir='ltr'><strong>talia</strong></span> <span class='ocrx_word' id='word_1_18' title='bbox 801 173 917 206; x_wconf 81' lang='lat' dir='ltr'><strong>reddit</strong></span> <span class='ocrx_word' id='word_1_19' title='bbox 932 185 938 205; x_wconf 81' lang='lat'>2</span> <span class='ocrx_word' id='word_1_20' title='bbox 1189 174 1256 205; x_wconf 83' lang='lat'><strong>530</strong></span> 
     </span>
     <span class='ocr_line' id='line_1_4' title="bbox 141 217 1095 263; baseline 0.002 -14"><span class='ocrx_word' id='word_1_21' title='bbox 141 219 156 232; x_wconf 76' lang='lat'><strong>‘²</strong></span> <span class='ocrx_word' id='word_1_22' title='bbox 171 218 316 259; x_wconf 82' lang='lat' dir='ltr'>Argenti</span> <span class='ocrx_word' id='word_1_23' title='bbox 333 222 436 262; x_wconf 84' lang='lat' dir='ltr'><strong>atque</strong></span> <span class='ocrx_word' id='word_1_24' title='bbox 453 219 528 252; x_wconf 85' lang='lat' dir='ltr'><strong>auri</strong></span> <span class='ocrx_word' id='word_1_25' title='bbox 545 230 714 252; x_wconf 88' lang='lat' dir='ltr'><strong>memoras</strong></span> <span class='ocrx_word' id='word_1_26' title='bbox 731 230 806 263; x_wconf 86' lang='lat' dir='ltr'><strong>quae</strong></span> <span class='ocrx_word' id='word_1_27' title='bbox 823 218 936 251; x_wconf 87' lang='lat' dir='ltr'><strong>multa</strong></span> <span class='ocrx_word' id='word_1_28' title='bbox 953 217 1095 261; x_wconf 81' lang='lat' dir='ltr'><strong>talenta,</strong></span> 
     </span>
    </p>

    <p class='ocr_par' dir='ltr' id='par_1_3' title="bbox 143 263 973 308">
     <span class='ocr_line' id='line_1_5' title="bbox 143 263 973 308; baseline -0.004 -10"><span class='ocrx_word' id='word_1_29' title='bbox 143 265 242 298; x_wconf 81' lang='lat' dir='ltr'><strong>Natis</strong></span> <span class='ocrx_word' id='word_1_30' title='bbox 259 276 362 308; x_wconf 88' lang='lat' dir='ltr'><strong>parce</strong></span> <span class='ocrx_word' id='word_1_31' title='bbox 379 265 458 298; x_wconf 89' lang='lat' dir='ltr'><strong>tuis.</strong></span> <span class='ocrx_word' id='word_1_32' title='bbox 507 264 597 297; x_wconf 83' lang='lat' dir='ltr'><strong>Belli</strong></span> <span class='ocrx_word' id='word_1_33' title='bbox 614 264 818 297; x_wconf 84' lang='lat' dir='ltr'><strong>commercia</strong></span> <span class='ocrx_word' id='word_1_34' title='bbox 835 263 973 296; x_wconf 86' lang='lat' dir='ltr'><strong>Turnus</strong></span> 
     </span>
    </p>

    <p class='ocr_par' dir='ltr' id='par_1_4' title="bbox 142 309 1025 353">
     <span class='ocr_line' id='line_1_6' title="bbox 142 309 1025 353; baseline -0.001 -10"><span class='ocrx_word' id='word_1_35' title='bbox 142 310 292 343; x_wconf 75' lang='lat' dir='ltr'><strong>Sustulit</strong></span> <span class='ocrx_word' id='word_1_36' title='bbox 308 311 376 343; x_wconf 88' lang='lat' dir='ltr'><strong>ista</strong></span> <span class='ocrx_word' id='word_1_37' title='bbox 392 310 485 353; x_wconf 86' lang='lat' dir='ltr'><strong>prior</strong></span> <span class='ocrx_word' id='word_1_38' title='bbox 496 311 572 353; x_wconf 86' lang='lat' dir='ltr'><strong>jam</strong></span> <span class='ocrx_word' id='word_1_39' title='bbox 589 313 666 342; x_wconf 86' lang='lat' dir='ltr'><strong>tum</strong></span> <span class='ocrx_word' id='word_1_40' title='bbox 685 309 845 342; x_wconf 81' lang='lat' dir='ltr'><strong>Pallante</strong></span> <span class='ocrx_word' id='word_1_41' title='bbox 863 314 1025 352; x_wconf 85' lang='lat' dir='ltr'><strong>peremto.</strong></span> 
     </span>
    </p>

    <p class='ocr_par' dir='ltr' id='par_1_5' title="bbox 146 354 1029 399">
     <span class='ocr_line' id='line_1_7' title="bbox 146 354 1029 399; baseline 0.001 -12"><span class='ocrx_word' id='word_1_42' title='bbox 146 356 218 389; x_wconf 85' lang='lat' dir='ltr'><strong>Hoc</strong></span> <span class='ocrx_word' id='word_1_43' title='bbox 234 356 344 399; x_wconf 83' lang='lat' dir='ltr'><strong>patris</strong></span> <span class='ocrx_word' id='word_1_44' title='bbox 361 355 522 388; x_wconf 81' lang='lat' dir='ltr'><strong>Anchisae</strong></span> <span class='ocrx_word' id='word_1_45' title='bbox 539 366 669 397; x_wconf 84' lang='lat' dir='ltr'><strong>manes,</strong></span> <span class='ocrx_word' id='word_1_46' title='bbox 687 355 752 388; x_wconf 90' lang='lat' dir='ltr'><strong>hoc</strong></span> <span class='ocrx_word' id='word_1_47' title='bbox 770 354 877 387; x_wconf 88' lang='lat' dir='ltr'><strong>sentit</strong></span> <span class='ocrx_word' id='word_1_48' title='bbox 895 354 1029 388; x_wconf 84' lang='lat' dir='ltr'><strong>1u1us.”</strong></span> 
     </span>
    </p>

    <p class='ocr_par' dir='ltr' id='par_1_6' title="bbox 142 399 955 444">
     <span class='ocr_line' id='line_1_8' title="bbox 142 399 955 444; baseline -0.002 -10"><span class='ocrx_word' id='word_1_49' title='bbox 142 401 197 434; x_wconf 76' lang='lat' dir='ltr'><strong>Sic</strong></span> <span class='ocrx_word' id='word_1_50' title='bbox 213 401 306 434; x_wconf 85' lang='lat' dir='ltr'><strong>fatus</strong></span> <span class='ocrx_word' id='word_1_51' title='bbox 323 401 459 444; x_wconf 85' lang='lat' dir='ltr'><strong>galeam</strong></span> <span class='ocrx_word' id='word_1_52' title='bbox 475 400 563 433; x_wconf 72' lang='lat' dir='ltr'><strong>laeva</strong></span> <span class='ocrx_word' id='word_1_53' title='bbox 579 404 686 443; x_wconf 89' lang='lat' dir='ltr'><strong>tenet,</strong></span> <span class='ocrx_word' id='word_1_54' title='bbox 703 404 810 444; x_wconf 90' lang='lat' dir='ltr'><strong>atque</strong></span> <span class='ocrx_word' id='word_1_55' title='bbox 825 399 955 433; x_wconf 82' lang='lat' dir='ltr'><strong>reflexa</strong></span> 
     </span>
    </p>

    <p class='ocr_par' dir='ltr' id='par_1_7' title="bbox 143 444 996 489">
     <span class='ocr_line' id='line_1_9' title="bbox 143 444 996 489; baseline 0 -11"><span class='ocrx_word' id='word_1_56' title='bbox 143 447 279 480; x_wconf 73' lang='lat' dir='ltr'><strong>Cervice</strong></span> <span class='ocrx_word' id='word_1_57' title='bbox 296 447 425 479; x_wconf 83' lang='lat' dir='ltr'><strong>orantis</strong></span> <span class='ocrx_word' id='word_1_58' title='bbox 443 445 564 489; x_wconf 83' lang='lat' dir='ltr'><strong>capulo</strong></span> <span class='ocrx_word' id='word_1_59' title='bbox 581 450 683 478; x_wconf 89' lang='lat' dir='ltr'><strong>tenus</strong></span> <span class='ocrx_word' id='word_1_60' title='bbox 700 446 854 489; x_wconf 82' lang='lat' dir='ltr'><strong>applicat</strong></span> <span class='ocrx_word' id='word_1_61' title='bbox 871 444 996 478; x_wconf 87' lang='lat' dir='ltr'><strong>ensem.</strong></span> 
     </span>
    </p>

    <p class='ocr_par' dir='ltr' id='par_1_8' title="bbox 144 490 1130 579">
     <span class='ocr_line' id='line_1_10' title="bbox 144 490 1130 535; baseline 0 -11"><span class='ocrx_word' id='word_1_62' title='bbox 144 492 214 525; x_wconf 81' lang='lat' dir='ltr'><strong>Nec</strong></span> <span class='ocrx_word' id='word_1_63' title='bbox 230 492 350 535; x_wconf 89' lang='lat' dir='ltr'><strong>procul</strong></span> <span class='ocrx_word' id='word_1_64' title='bbox 368 491 598 531; x_wconf 79' lang='lat' dir='ltr'><strong>Haemonides,</strong></span> <span class='ocrx_word' id='word_1_65' title='bbox 617 490 737 523; x_wconf 78' lang='lat' dir='ltr'><strong>Phoebi</strong></span> <span class='ocrx_word' id='word_1_66' title='bbox 755 491 950 534; x_wconf 82' lang='lat' dir='ltr'><strong>Triviaeque</strong></span> <span class='ocrx_word' id='word_1_67' title='bbox 967 490 1130 534; x_wconf 84' lang='lat' dir='ltr'>sacerdos,</span> 
     </span>
     <span class='ocr_line' id='line_1_11' title="bbox 144 536 936 579; baseline -0.001 -9"><span class='ocrx_word' id='word_1_68' title='bbox 144 537 261 570; x_wconf 83' lang='lat' dir='ltr'><strong>Insula</strong></span> <span class='ocrx_word' id='word_1_69' title='bbox 278 537 334 569; x_wconf 86' lang='lat' dir='ltr'><strong>cui</strong></span> <span class='ocrx_word' id='word_1_70' title='bbox 352 548 448 570; x_wconf 87' lang='lat' dir='ltr'><strong>sacra</strong></span> <span class='ocrx_word' id='word_1_71' title='bbox 463 536 649 569; x_wconf 80' lang='lat' dir='ltr'><strong>redimibat</strong></span> <span class='ocrx_word' id='word_1_72' title='bbox 665 540 821 579; x_wconf 88' lang='lat' dir='ltr'><strong>tempora</strong></span> <span class='ocrx_word' id='word_1_73' title='bbox 837 536 936 579; x_wconf 87' lang='lat' dir='ltr'><strong>vitta,</strong></span> 
     </span>
    </p>

    <p class='ocr_par' dir='ltr' id='par_1_9' title="bbox 142 581 1024 624">
     <span class='ocr_line' id='line_1_12' title="bbox 142 581 1024 624; baseline -0.001 -8"><span class='ocrx_word' id='word_1_74' title='bbox 142 583 247 616; x_wconf 83' lang='lat' dir='ltr'><strong>Totus</strong></span> <span class='ocrx_word' id='word_1_75' title='bbox 265 582 437 615; x_wconf 85' lang='lat' dir='ltr'><strong>collucens</strong></span> <span class='ocrx_word' id='word_1_76' title='bbox 454 586 548 614; x_wconf 76' lang='lat' dir='ltr'><strong>veste</strong></span> <span class='ocrx_word' id='word_1_77' title='bbox 565 586 669 624; x_wconf 82' lang='lat' dir='ltr'><strong>atque</strong></span> <span class='ocrx_word' id='word_1_78' title='bbox 685 581 880 624; x_wconf 81' lang='lat' dir='ltr'><strong>insignibus</strong></span> <span class='ocrx_word' id='word_1_79' title='bbox 896 581 1024 616; x_wconf 83' lang='lat' dir='ltr'><strong>armis:</strong></span> 
     </span>
    </p>

    <p class='ocr_par' dir='ltr' id='par_1_10' title="bbox 143 626 1258 807">
     <span class='ocr_line' id='line_1_13' title="bbox 143 626 1258 671; baseline 0.001 -12"><span class='ocrx_word' id='word_1_80' title='bbox 143 628 253 669; x_wconf 78' lang='lat' dir='ltr'><strong>Quem</strong></span> <span class='ocrx_word' id='word_1_81' title='bbox 270 638 471 670; x_wconf 84' lang='lat' dir='ltr'><strong>congressus</strong></span> <span class='ocrx_word' id='word_1_82' title='bbox 488 627 562 670; x_wconf 85' lang='lat' dir='ltr'><strong>agit</strong></span> <span class='ocrx_word' id='word_1_83' title='bbox 579 638 711 670; x_wconf 84' lang='lat' dir='ltr'><strong>campo,</strong></span> <span class='ocrx_word' id='word_1_84' title='bbox 728 626 934 670; x_wconf 82' lang='lat' dir='ltr'><strong>lapsumque</strong></span> <span class='ocrx_word' id='word_1_85' title='bbox 951 630 1149 671; x_wconf 82' lang='lat' dir='ltr'><strong>superstans</strong></span> <span class='ocrx_word' id='word_1_86' title='bbox 1190 628 1258 660; x_wconf 88' lang='grc'><strong>540</strong></span> 
     </span>
     <span class='ocr_line' id='line_1_14' title="bbox 145 671 1212 716; baseline -0.001 -10"><span class='ocrx_word' id='word_1_87' title='bbox 145 673 316 715; x_wconf 71' lang='lat' dir='ltr'><strong>immolat,</strong></span> <span class='ocrx_word' id='word_1_88' title='bbox 333 673 536 716; x_wconf 87' lang='lat' dir='ltr'><strong>ingentique</strong></span> <span class='ocrx_word' id='word_1_89' title='bbox 553 671 676 705; x_wconf 85' lang='lat' dir='ltr'><strong>umbra</strong></span> <span class='ocrx_word' id='word_1_90' title='bbox 692 673 782 715; x_wconf 88' lang='lat' dir='ltr'><strong>tegit</strong></span> <span class='ocrx_word' id='word_1_91' title='bbox 796 685 804 713; x_wconf 92' lang='lat'>;</span> <span class='ocrx_word' id='word_1_92' title='bbox 829 683 926 706; x_wconf 85' lang='lat' dir='ltr'><strong>arma</strong></span> <span class='ocrx_word' id='word_1_93' title='bbox 942 671 1098 706; x_wconf 84' lang='lat' dir='ltr'><strong>Serestus</strong></span> <span class='ocrx_word' id='word_1_94' title='bbox 1209 680 1212 683; x_wconf 88' lang='grc'><strong><em>·</em></strong></span> 
     </span>
     <span class='ocr_line' id='line_1_15' title="bbox 147 717 1097 762; baseline 0 -10"><span class='ocrx_word' id='word_1_95' title='bbox 147 719 251 752; x_wconf 85' lang='lat' dir='ltr'><strong>Lecta</strong></span> <span class='ocrx_word' id='word_1_96' title='bbox 267 719 373 751; x_wconf 86' lang='lat' dir='ltr'><strong>refert</strong></span> <span class='ocrx_word' id='word_1_97' title='bbox 389 718 551 760; x_wconf 88' lang='lat' dir='ltr'><strong>humeris,</strong></span> <span class='ocrx_word' id='word_1_98' title='bbox 569 717 644 760; x_wconf 87' lang='lat' dir='ltr'><strong>tibi,</strong></span> <span class='ocrx_word' id='word_1_99' title='bbox 661 729 723 750; x_wconf 84' lang='lat' dir='ltr'><strong>rex</strong></span> <span class='ocrx_word' id='word_1_100' title='bbox 742 717 900 761; x_wconf 82' lang='lat' dir='ltr'><strong>Gradive,</strong></span> <span class='ocrx_word' id='word_1_101' title='bbox 916 722 1097 762; x_wconf 88' lang='lat' dir='ltr'><strong>tropaeum.</strong></span> 
     </span>
     <span class='ocr_line' id='line_1_16' title="bbox 146 763 897 807; baseline -0.001 -10"><span class='ocrx_word' id='word_1_102' title='bbox 146 765 348 797; x_wconf 85' lang='lat' dir='ltr'><strong>Instaurant</strong></span> <span class='ocrx_word' id='word_1_103' title='bbox 365 764 454 797; x_wconf 87' lang='lat' dir='ltr'><strong>acies</strong></span> <span class='ocrx_word' id='word_1_104' title='bbox 473 763 621 796; x_wconf 85' lang='lat' dir='ltr'><strong>Vulcani</strong></span> <span class='ocrx_word' id='word_1_105' title='bbox 639 763 745 807; x_wconf 87' lang='lat' dir='ltr'><strong>stirpe</strong></span> <span class='ocrx_word' id='word_1_106' title='bbox 761 767 897 796; x_wconf 88' lang='lat' dir='ltr'><strong>creatus</strong></span> 
     </span>
    </p>

    <p class='ocr_par' dir='ltr' id='par_1_11' title="bbox 144 808 1096 889">
     <span class='ocr_line' id='line_1_17' title="bbox 144 808 1067 843; baseline -0.001 0"><span class='ocrx_word' id='word_1_107' title='bbox 144 809 299 843; x_wconf 79' lang='lat' dir='ltr'><strong>Oaeculus</strong></span> <span class='ocrx_word' id='word_1_108' title='bbox 316 813 352 842; x_wconf 85' lang='lat' dir='ltr'><strong>et</strong></span> <span class='ocrx_word' id='word_1_109' title='bbox 368 809 509 842; x_wconf 80' lang='lat' dir='ltr'><strong>veniens</strong></span> <span class='ocrx_word' id='word_1_110' title='bbox 526 808 719 842; x_wconf 84' lang='lat' dir='ltr'><strong>Marsorum</strong></span> <span class='ocrx_word' id='word_1_111' title='bbox 735 808 911 842; x_wconf 83' lang='lat' dir='ltr'><strong>montibus</strong></span> <span class='ocrx_word' id='word_1_112' title='bbox 928 808 1067 842; x_wconf 88' lang='lat' dir='ltr'><strong>Umbro.</strong></span> 
     </span>
     <span class='ocr_line' id='line_1_18' title="bbox 144 853 1096 889; baseline -0.001 -1"><span class='ocrx_word' id='word_1_113' title='bbox 144 855 358 889; x_wconf 85' lang='lat' dir='ltr'><strong>Dardanides</strong></span> <span class='ocrx_word' id='word_1_114' title='bbox 376 859 495 887; x_wconf 86' lang='lat' dir='ltr'><strong>contra</strong></span> <span class='ocrx_word' id='word_1_115' title='bbox 511 854 607 887; x_wconf 85' lang='lat' dir='ltr'><strong>furit.</strong></span> <span class='ocrx_word' id='word_1_116' title='bbox 648 853 803 887; x_wconf 80' lang='lat' dir='ltr'><strong>Anxuris</strong></span> <span class='ocrx_word' id='word_1_117' title='bbox 820 865 900 888; x_wconf 89' lang='lat' dir='ltr'><strong>ense</strong></span> <span class='ocrx_word' id='word_1_118' title='bbox 917 854 1096 888; x_wconf 86' lang='lat' dir='ltr'><strong>sinistram</strong></span> 
     </span>
    </p>

    <p class='ocr_par' dir='ltr' id='par_1_12' title="bbox 144 899 938 944">
     <span class='ocr_line' id='line_1_19' title="bbox 144 899 938 944; baseline -0.003 -10"><span class='ocrx_word' id='word_1_119' title='bbox 144 901 189 934; x_wconf 89' lang='lat' dir='ltr'><strong>Et</strong></span> <span class='ocrx_word' id='word_1_120' title='bbox 205 904 319 933; x_wconf 86' lang='lat' dir='ltr'><strong>totum</strong></span> <span class='ocrx_word' id='word_1_121' title='bbox 336 900 438 944; x_wconf 86' lang='lat' dir='ltr'><strong>clipei</strong></span> <span class='ocrx_word' id='word_1_122' title='bbox 454 900 544 932; x_wconf 90' lang='lat' dir='ltr'><strong>ferro</strong></span> <span class='ocrx_word' id='word_1_123' title='bbox 564 899 733 943; x_wconf 87' lang='lat' dir='ltr'><strong>dejecerat</strong></span> <span class='ocrx_word' id='word_1_124' title='bbox 751 899 866 933; x_wconf 89' lang='lat' dir='ltr'><strong>orbem</strong></span> <span class='ocrx_word' id='word_1_125' title='bbox 882 912 938 940; x_wconf 82' lang='lat'><strong>3—</strong></span> 
     </span>
    </p>

    <p class='ocr_par' dir='ltr' id='par_1_13' title="bbox 145 943 1259 1170">
     <span class='ocr_line' id='line_1_20' title="bbox 145 943 1106 989; baseline -0.001 -10"><span class='ocrx_word' id='word_1_126' title='bbox 145 947 290 979; x_wconf 80' lang='lat' dir='ltr'><strong>Dixerat</strong></span> <span class='ocrx_word' id='word_1_127' title='bbox 307 945 366 978; x_wconf 90' lang='lat' dir='ltr'><strong>ille</strong></span> <span class='ocrx_word' id='word_1_128' title='bbox 382 945 515 989; x_wconf 84' lang='lat' dir='ltr'><strong>aliquid</strong></span> <span class='ocrx_word' id='word_1_129' title='bbox 530 956 708 988; x_wconf 84' lang='lat' dir='ltr'><strong>magnum,</strong></span> <span class='ocrx_word' id='word_1_130' title='bbox 725 945 865 988; x_wconf 86' lang='lat' dir='ltr'><strong>vimque</strong></span> <span class='ocrx_word' id='word_1_131' title='bbox 882 945 986 978; x_wconf 87' lang='lat' dir='ltr'><strong>affore</strong></span> <span class='ocrx_word' id='word_1_132' title='bbox 1002 943 1106 978; x_wconf 80' lang='lat' dir='ltr'><strong>verbo</strong></span> 
     </span>
     <span class='ocr_line' id='line_1_21' title="bbox 145 990 1016 1034; baseline 0 -10"><span class='ocrx_word' id='word_1_133' title='bbox 145 991 353 1034; x_wconf 85' lang='lat' dir='ltr'><strong>Crediderat,</strong></span> <span class='ocrx_word' id='word_1_134' title='bbox 371 990 524 1034; x_wconf 80' lang='lat' dir='ltr'><strong>coeloque</strong></span> <span class='ocrx_word' id='word_1_135' title='bbox 541 991 697 1023; x_wconf 88' lang='lat' dir='ltr'><strong>animum</strong></span> <span class='ocrx_word' id='word_1_136' title='bbox 714 990 857 1023; x_wconf 85' lang='lat' dir='ltr'><strong>fortasse</strong></span> <span class='ocrx_word' id='word_1_137' title='bbox 873 990 1016 1033; x_wconf 84' lang='lat' dir='ltr'><strong>ferebat,</strong></span> 
     </span>
     <span class='ocr_line' id='line_1_22' title="bbox 145 1035 1070 1080; baseline -0.001 -10"><span class='ocrx_word' id='word_1_138' title='bbox 145 1037 384 1080; x_wconf 83' lang='lat' dir='ltr'><strong>Canitiemque</strong></span> <span class='ocrx_word' id='word_1_139' title='bbox 401 1036 466 1069; x_wconf 88' lang='lat' dir='ltr'><strong>sibi</strong></span> <span class='ocrx_word' id='word_1_140' title='bbox 483 1040 518 1069; x_wconf 92' lang='lat' dir='ltr'><strong>et</strong></span> <span class='ocrx_word' id='word_1_141' title='bbox 535 1035 654 1078; x_wconf 90' lang='lat' dir='ltr'><strong>longos</strong></span> <span class='ocrx_word' id='word_1_142' title='bbox 672 1036 875 1079; x_wconf 83' lang='lat' dir='ltr'><strong>promiserat</strong></span> <span class='ocrx_word' id='word_1_143' title='bbox 891 1047 999 1069; x_wconf 87' lang='lat' dir='ltr'><strong>annos</strong></span> <span class='ocrx_word' id='word_1_144' title='bbox 1015 1048 1070 1076; x_wconf 81' lang='lat'><strong>3-—</strong></span> 
     </span>
     <span class='ocr_line' id='line_1_23' title="bbox 146 1080 1259 1126; baseline 0 -11"><span class='ocrx_word' id='word_1_145' title='bbox 146 1082 331 1126; x_wconf 82' lang='lat' dir='ltr'><strong>Tarquitus</strong></span> <span class='ocrx_word' id='word_1_146' title='bbox 348 1081 526 1114; x_wconf 84' lang='lat' dir='ltr'><strong>exsultans</strong></span> <span class='ocrx_word' id='word_1_147' title='bbox 544 1086 663 1114; x_wconf 87' lang='lat' dir='ltr'><strong>contra</strong></span> <span class='ocrx_word' id='word_1_148' title='bbox 680 1080 897 1125; x_wconf 82' lang='lat' dir='ltr'><strong>fulgentibus</strong></span> <span class='ocrx_word' id='word_1_149' title='bbox 914 1081 1029 1123; x_wconf 87' lang='lat' dir='ltr'><strong>armis,</strong></span> <span class='ocrx_word' id='word_1_150' title='bbox 1191 1083 1259 1115; x_wconf 83' lang='lat'><strong>550</strong></span> 
     </span>
     <span class='ocr_line' id='line_1_24' title="bbox 145 1127 1061 1170; baseline -0.001 -9"><span class='ocrx_word' id='word_1_151' title='bbox 145 1127 314 1161; x_wconf 67' lang='lat' dir='ltr'><strong>Silvicolae</strong></span> <span class='ocrx_word' id='word_1_152' title='bbox 333 1127 454 1160; x_wconf 88' lang='lat' dir='ltr'><strong>Fauno</strong></span> <span class='ocrx_word' id='word_1_153' title='bbox 471 1127 610 1170; x_wconf 84' lang='lat' dir='ltr'><strong>Dryope</strong></span> <span class='ocrx_word' id='word_1_154' title='bbox 627 1137 730 1170; x_wconf 91' lang='lat' dir='ltr'><strong>quem</strong></span> <span class='ocrx_word' id='word_1_155' title='bbox 746 1127 902 1170; x_wconf 81' lang='lat' dir='ltr'><strong>nympha</strong></span> <span class='ocrx_word' id='word_1_156' title='bbox 918 1130 1061 1170; x_wconf 88' lang='lat' dir='ltr'><strong>crearat,</strong></span> 
     </span>
    </p>

    <p class='ocr_par' dir='ltr' id='par_1_14' title="bbox 146 1171 938 1207">
     <span class='ocr_line' id='line_1_25' title="bbox 146 1171 938 1207; baseline -0.003 0"><span class='ocrx_word' id='word_1_157' title='bbox 146 1173 275 1207; x_wconf 81' lang='lat' dir='ltr'><strong>Obvius</strong></span> <span class='ocrx_word' id='word_1_158' title='bbox 292 1173 428 1206; x_wconf 88' lang='lat' dir='ltr'><strong>ardenti</strong></span> <span class='ocrx_word' id='word_1_159' title='bbox 446 1183 517 1205; x_wconf 83' lang='lat' dir='ltr'><strong>sese</strong></span> <span class='ocrx_word' id='word_1_160' title='bbox 533 1171 670 1205; x_wconf 87' lang='lat' dir='ltr'><strong>obtulit.</strong></span> <span class='ocrx_word' id='word_1_161' title='bbox 712 1172 777 1205; x_wconf 94' lang='lat' dir='ltr'><strong>Ille</strong></span> <span class='ocrx_word' id='word_1_162' title='bbox 793 1172 938 1205; x_wconf 89' lang='lat' dir='ltr'><strong>reducta</strong></span> 
     </span>
    </p>

    <p class='ocr_par' dir='ltr' id='par_1_15' title="bbox 146 1218 1020 1262">
     <span class='ocr_line' id='line_1_26' title="bbox 146 1218 1020 1262; baseline -0.001 -10"><span class='ocrx_word' id='word_1_163' title='bbox 146 1219 300 1252; x_wconf 86' lang='lat' dir='ltr'><strong>Loricam</strong></span> <span class='ocrx_word' id='word_1_164' title='bbox 317 1218 488 1262; x_wconf 87' lang='lat' dir='ltr'><strong>clipeique</strong></span> <span class='ocrx_word' id='word_1_165' title='bbox 504 1218 626 1261; x_wconf 85' lang='lat' dir='ltr'><strong>ingens</strong></span> <span class='ocrx_word' id='word_1_166' title='bbox 644 1228 730 1250; x_wconf 86' lang='lat' dir='ltr'><strong>onus</strong></span> <span class='ocrx_word' id='word_1_167' title='bbox 747 1218 894 1261; x_wconf 88' lang='lat' dir='ltr'><strong>impedit</strong></span> <span class='ocrx_word' id='word_1_168' title='bbox 910 1218 1020 1251; x_wconf 82' lang='lat' dir='ltr'><strong>hasta.</strong></span> 
     </span>
    </p>

    <p class='ocr_par' dir='ltr' id='par_1_16' title="bbox 145 1262 1113 1308">
     <span class='ocr_line' id='line_1_27' title="bbox 145 1262 1113 1308; baseline -0.001 -11"><span class='ocrx_word' id='word_1_169' title='bbox 145 1264 234 1297; x_wconf 83' lang='lat' dir='ltr'><strong>Tum</strong></span> <span class='ocrx_word' id='word_1_170' title='bbox 251 1268 355 1308; x_wconf 88' lang='lat' dir='ltr'><strong>caput</strong></span> <span class='ocrx_word' id='word_1_171' title='bbox 372 1263 502 1297; x_wconf 87' lang='lat' dir='ltr'><strong>orantis</strong></span> <span class='ocrx_word' id='word_1_172' title='bbox 518 1263 762 1306; x_wconf 81' lang='lat' dir='ltr'><strong>nequidquam,</strong></span> <span class='ocrx_word' id='word_1_173' title='bbox 776 1268 811 1296; x_wconf 94' lang='lat' dir='ltr'><strong>et</strong></span> <span class='ocrx_word' id='word_1_174' title='bbox 827 1263 941 1296; x_wconf 86' lang='lat' dir='ltr'><strong>multa</strong></span> <span class='ocrx_word' id='word_1_175' title='bbox 957 1262 1113 1307; x_wconf 83' lang='lat' dir='ltr'><strong>parantis</strong></span> 
     </span>
    </p>

    <p class='ocr_par' dir='ltr' id='par_1_17' title="bbox 146 1309 1030 1399">
     <span class='ocr_line' id='line_1_28' title="bbox 146 1309 1030 1352; baseline -0.001 -10"><span class='ocrx_word' id='word_1_176' title='bbox 146 1310 276 1351; x_wconf 88' lang='lat' dir='ltr'><strong>Dicere,</strong></span> <span class='ocrx_word' id='word_1_177' title='bbox 294 1309 458 1342; x_wconf 85' lang='lat' dir='ltr'><strong>deturbat</strong></span> <span class='ocrx_word' id='word_1_178' title='bbox 475 1313 584 1350; x_wconf 86' lang='lat' dir='ltr'><strong>terrae,</strong></span> <span class='ocrx_word' id='word_1_179' title='bbox 602 1312 835 1352; x_wconf 88' lang='lat' dir='ltr'><strong>truncumque</strong></span> <span class='ocrx_word' id='word_1_180' title='bbox 852 1313 1030 1352; x_wconf 87' lang='lat' dir='ltr'><strong>tepentem</strong></span> 
     </span>
     <span class='ocr_line' id='line_1_29' title="bbox 146 1354 1013 1399; baseline 0 -12"><span class='ocrx_word' id='word_1_181' title='bbox 146 1354 364 1397; x_wconf 80' lang='lat' dir='ltr'><strong>provolvens,</strong></span> <span class='ocrx_word' id='word_1_182' title='bbox 381 1366 483 1399; x_wconf 88' lang='lat' dir='ltr'><strong>super</strong></span> <span class='ocrx_word' id='word_1_183' title='bbox 499 1354 574 1387; x_wconf 87' lang='lat' dir='ltr'><strong>haec</strong></span> <span class='ocrx_word' id='word_1_184' title='bbox 590 1354 731 1387; x_wconf 86' lang='lat' dir='ltr'><strong>inimico</strong></span> <span class='ocrx_word' id='word_1_185' title='bbox 747 1358 885 1396; x_wconf 74' lang='lat' dir='ltr'><strong>pectore</strong></span> <span class='ocrx_word' id='word_1_186' title='bbox 901 1355 1013 1387; x_wconf 83' lang='lat' dir='ltr'><strong>fatur:</strong></span> 
     </span>
    </p>

    <p class='ocr_par' dir='ltr' id='par_1_18' title="bbox 146 1399 1150 1531">
     <span class='ocr_line' id='line_1_30' title="bbox 148 1399 1150 1443; baseline -0.003 -11"><span class='ocrx_word' id='word_1_187' title='bbox 148 1400 167 1417; x_wconf 89' lang='lat'><strong>“</strong></span> <span class='ocrx_word' id='word_1_188' title='bbox 178 1399 262 1432; x_wconf 91' lang='lat' dir='ltr'><strong>Istic</strong></span> <span class='ocrx_word' id='word_1_189' title='bbox 279 1410 382 1439; x_wconf 88' lang='lat' dir='ltr'><strong>nune,</strong></span> <span class='ocrx_word' id='word_1_190' title='bbox 399 1399 595 1442; x_wconf 81' lang='lat' dir='ltr'><strong>metuende,</strong></span> <span class='ocrx_word' id='word_1_191' title='bbox 608 1400 696 1441; x_wconf 85' lang='lat' dir='ltr'><strong>jace.</strong></span> <span class='ocrx_word' id='word_1_192' title='bbox 744 1399 822 1432; x_wconf 88' lang='lat' dir='ltr'><strong>Non</strong></span> <span class='ocrx_word' id='word_1_193' title='bbox 840 1402 875 1432; x_wconf 86' lang='lat' dir='ltr'><strong>te</strong></span> <span class='ocrx_word' id='word_1_194' title='bbox 892 1399 1024 1443; x_wconf 83' lang='lat' dir='ltr'><strong>optima</strong></span> <span class='ocrx_word' id='word_1_195' title='bbox 1039 1399 1150 1430; x_wconf 78' lang='lat' dir='ltr'><strong>mater</strong></span> 
     </span>
     <span class='ocr_line' id='line_1_31' title="bbox 146 1441 1112 1486; baseline 0 -11"><span class='ocrx_word' id='word_1_196' title='bbox 146 1442 278 1475; x_wconf 88' lang='lat' dir='ltr'><strong>Condet</strong></span> <span class='ocrx_word' id='word_1_197' title='bbox 294 1441 403 1484; x_wconf 81' lang='lat' dir='ltr'><strong>humi,</strong></span> <span class='ocrx_word' id='word_1_198' title='bbox 419 1442 575 1485; x_wconf 82' lang='lat' dir='ltr'><strong>patriove</strong></span> <span class='ocrx_word' id='word_1_199' title='bbox 592 1441 749 1475; x_wconf 89' lang='lat' dir='ltr'><strong>onerabit</strong></span> <span class='ocrx_word' id='word_1_200' title='bbox 764 1442 918 1476; x_wconf 91' lang='lat' dir='ltr'><strong>membra</strong></span> <span class='ocrx_word' id='word_1_201' title='bbox 935 1442 1091 1486; x_wconf 83' lang='lat' dir='ltr'><strong>sepulcro</strong></span> <span class='ocrx_word' id='word_1_202' title='bbox 1105 1454 1112 1475; x_wconf 93' lang='lat'>:</span> 
     </span>
     <span class='ocr_line' id='line_1_32' title="bbox 148 1486 1004 1531; baseline 0.001 -12"><span class='ocrx_word' id='word_1_203' title='bbox 148 1486 300 1519; x_wconf 87' lang='lat' dir='ltr'><strong>Alitibus</strong></span> <span class='ocrx_word' id='word_1_204' title='bbox 315 1487 472 1530; x_wconf 87' lang='lat' dir='ltr'><strong>linquere</strong></span> <span class='ocrx_word' id='word_1_205' title='bbox 487 1487 570 1520; x_wconf 88' lang='lat' dir='ltr'><strong>feris</strong></span> <span class='ocrx_word' id='word_1_206' title='bbox 585 1499 593 1527; x_wconf 92' lang='lat'>;</span> <span class='ocrx_word' id='word_1_207' title='bbox 618 1491 681 1520; x_wconf 87' lang='lat' dir='ltr'><strong>aut</strong></span> <span class='ocrx_word' id='word_1_208' title='bbox 696 1487 836 1531; x_wconf 85' lang='lat' dir='ltr'><strong>gurgite</strong></span> <span class='ocrx_word' id='word_1_209' title='bbox 852 1499 1004 1520; x_wconf 89' lang='lat' dir='ltr'><strong>mersum</strong></span> 
     </span>
    </p>

    <p class='ocr_par' dir='ltr' id='par_1_19' title="bbox 147 1530 1313 1712">
     <span class='ocr_line' id='line_1_33' title="bbox 147 1530 1313 1576; baseline 0.003 -12"><span class='ocrx_word' id='word_1_210' title='bbox 147 1531 251 1565; x_wconf 85' lang='lat' dir='ltr'><strong>Unda</strong></span> <span class='ocrx_word' id='word_1_211' title='bbox 265 1532 364 1573; x_wconf 85' lang='lat' dir='ltr'><strong>feret,</strong></span> <span class='ocrx_word' id='word_1_212' title='bbox 381 1532 558 1576; x_wconf 88' lang='lat' dir='ltr'><strong>piscesque</strong></span> <span class='ocrx_word' id='word_1_213' title='bbox 574 1532 716 1576; x_wconf 87' lang='lat' dir='ltr'><strong>impasti</strong></span> <span class='ocrx_word' id='word_1_214' title='bbox 733 1532 878 1566; x_wconf 88' lang='lat' dir='ltr'><strong>vulnera</strong></span> <span class='ocrx_word' id='word_1_215' title='bbox 894 1530 1077 1566; x_wconf 53' lang='lat' dir='ltr'><strong>lambent?</strong></span> <span class='ocrx_word' id='word_1_216' title='bbox 1191 1535 1258 1567; x_wconf 84' lang='lat'><strong>560</strong></span> <span class='ocrx_word' id='word_1_217' title='bbox 1310 1539 1313 1568; x_wconf 65' lang='lat'><em>2</em></span> 
     </span>
     <span class='ocr_line' id='line_1_34' title="bbox 147 1576 1312 1622; baseline 0.003 -13"><span class='ocrx_word' id='word_1_218' title='bbox 147 1576 317 1610; x_wconf 87' lang='lat' dir='ltr'><strong>Protenus</strong></span> <span class='ocrx_word' id='word_1_219' title='bbox 333 1577 499 1610; x_wconf 88' lang='lat' dir='ltr'><strong>Antaeum</strong></span> <span class='ocrx_word' id='word_1_220' title='bbox 515 1582 551 1610; x_wconf 88' lang='lat' dir='ltr'><strong>et</strong></span> <span class='ocrx_word' id='word_1_221' title='bbox 567 1577 708 1620; x_wconf 85' lang='lat' dir='ltr'><strong>Lucam,</strong></span> <span class='ocrx_word' id='word_1_222' title='bbox 725 1578 837 1622; x_wconf 89' lang='lat' dir='ltr'><strong>prima</strong></span> <span class='ocrx_word' id='word_1_223' title='bbox 852 1579 995 1622; x_wconf 87' lang='lat' dir='ltr'><strong>agmina</strong></span> <span class='ocrx_word' id='word_1_224' title='bbox 1010 1578 1129 1621; x_wconf 82' lang='lat' dir='ltr'><strong>Turni,</strong></span> <span class='ocrx_word' id='word_1_225' title='bbox 1309 1588 1312 1597; x_wconf 85' lang='lat'><strong>·</strong></span> 
     </span>
     <span class='ocr_line' id='line_1_35' title="bbox 147 1621 1214 1668; baseline 0.004 -14"><span class='ocrx_word' id='word_1_226' title='bbox 147 1621 381 1666; x_wconf 82' lang='lat' dir='ltr'><strong>Persequitur,</strong></span> <span class='ocrx_word' id='word_1_227' title='bbox 397 1623 590 1667; x_wconf 85' lang='lat' dir='ltr'><strong>fortemque</strong></span> <span class='ocrx_word' id='word_1_228' title='bbox 607 1622 770 1666; x_wconf 85' lang='lat' dir='ltr'><strong>Numam,</strong></span> <span class='ocrx_word' id='word_1_229' title='bbox 786 1623 994 1668; x_wconf 84' lang='lat' dir='ltr'><strong>fulvumque</strong></span> <span class='ocrx_word' id='word_1_230' title='bbox 1010 1623 1214 1666; x_wconf 78' lang='lat' dir='ltr'><strong>Camertem,</strong></span> 
     </span>
     <span class='ocr_line' id='line_1_36' title="bbox 148 1666 1019 1712; baseline 0.003 -13"><span class='ocrx_word' id='word_1_231' title='bbox 148 1666 375 1710; x_wconf 83' lang='lat' dir='ltr'><strong>Magnanimo</strong></span> <span class='ocrx_word' id='word_1_232' title='bbox 392 1668 576 1701; x_wconf 87' lang='lat' dir='ltr'><strong>Volscente</strong></span> <span class='ocrx_word' id='word_1_233' title='bbox 593 1672 718 1710; x_wconf 87' lang='lat' dir='ltr'><strong>satum,</strong></span> <span class='ocrx_word' id='word_1_234' title='bbox 736 1668 927 1702; x_wconf 88' lang='lat' dir='ltr'><strong>ditissimus</strong></span> <span class='ocrx_word' id='word_1_235' title='bbox 944 1669 1019 1712; x_wconf 87' lang='lat' dir='ltr'><strong>agri</strong></span> 
     </span>
    </p>

    <p class='ocr_par' dir='ltr' id='par_1_20' title="bbox 147 1711 1090 1758">
     <span class='ocr_line' id='line_1_37' title="bbox 147 1711 1090 1758; baseline 0.004 -14"><span class='ocrx_word' id='word_1_236' title='bbox 147 1711 216 1754; x_wconf 86' lang='lat' dir='ltr'><strong>Qui</strong></span> <span class='ocrx_word' id='word_1_237' title='bbox 232 1712 302 1745; x_wconf 84' lang='lat' dir='ltr'><strong>fuit</strong></span> <span class='ocrx_word' id='word_1_238' title='bbox 319 1712 548 1757; x_wconf 88' lang='lat' dir='ltr'><strong>Ausonidum,</strong></span> <span class='ocrx_word' id='word_1_239' title='bbox 563 1717 599 1746; x_wconf 89' lang='lat' dir='ltr'><strong>et</strong></span> <span class='ocrx_word' id='word_1_240' title='bbox 615 1714 732 1747; x_wconf 85' lang='lat' dir='ltr'><strong>tacitis</strong></span> <span class='ocrx_word' id='word_1_241' title='bbox 748 1714 908 1758; x_wconf 86' lang='lat' dir='ltr'><strong>regnavit</strong></span> <span class='ocrx_word' id='word_1_242' title='bbox 925 1713 1090 1758; x_wconf 79' lang='lat' dir='ltr'><strong>Amyclis.</strong></span> 
     </span>
    </p>
   </div>
   <div class='ocr_carea' id='block_1_3' title="bbox 1294 0 1345 1927">
    <p class='ocr_par' dir='ltr' id='par_1_21' title="bbox 1294 0 1345 1927">
     <span class='ocr_line' id='line_1_38' title="bbox 1294 0 1345 1927; baseline 0 0"><span class='ocrx_word' id='word_1_243' title='bbox 1294 0 1345 1927; x_wconf 95' lang='lat' dir='ltr'><strong> </strong></span> 
     </span>
    </p>
   </div>
  </div>
 </body>
</html>
