1345 1927
383 56 652 91 GEORGICON
677 56 766 90 LIB.
793 56 840 89 ΙΙ.
1125 55 1170 86 49

51 125 239 159 Arboribus
255 125 376 169 positis
393 129 485 157 secto
502 124 559 157 via
575 123 687 157 limite
704 123 859 167 quadret.

52 171 102 204 Ut
118 182 207 214 saepe
223 170 359 213 ingenti
374 167 590 213 belloquum
605 169 710 212 longa
727 169 881 202 cohortes

51 216 232 260 Explicuit
249 215 348 258 legio,
366 219 401 248 et
418 226 539 258 campo
557 215 656 248 stetit
672 225 799 258 agmen
815 216 946 258 aperto,
1099 214 1166 245 280

49 260 267 305 Directaeque
284 261 383 303 acies,
401 271 441 293 ac
457 260 528 293 late
544 260 694 293 fluctuat
711 259 821 293 omnis

0 321 1 331 π
48 306 133 339 AEre
148 305 322 340 renidenti
341 305 453 348 tellus,
470 317 533 338 nec
550 305 634 338 dum
650 305 789 338 horrida
804 305 952 337 miscent

49 351 185 395 Proelia,
203 352 261 385 sed
279 351 405 384 dubius
420 351 543 384 mediis
560 351 654 384 Mars
672 355 764 384 errat
780 350 817 383 in
833 349 956 384 armis:

49 396 175 430 Omnia
191 397 261 430 sint
276 396 417 441 paribus
433 396 586 429 numeris
604 396 759 429 dimensa
775 396 930 436 viarum3

47 442 127 475 Non
143 443 300 476 animum
315 442 416 475 modo
432 442 488 475 uti
503 445 623 486 pascat
639 440 840 486 prospectus
856 441 1005 483 inanem,

46 487 114 521 Sed
130 488 213 531 quia
228 499 299 521 non
315 487 417 521 aliter
431 488 522 520 vires
539 487 637 520 dabit
654 487 812 520 omnibus
830 498 946 530 aequas

46 533 160 576 Terra,
176 545 288 577 neque
305 533 343 566 in
358 544 509 566 vacuum
525 537 690 577 poterunt
708 544 742 566 se
759 533 946 566 extendere
961 531 1059 565 rami.

92 579 252 612 Forsitan
268 582 313 621 et,
330 578 505 612 scrobibus
522 590 599 622 quae
617 579 687 612 sint
703 579 854 622 fastigia,
871 589 1014 623 quaeras.

44 623 168 657 Ausim
184 624 240 658 vel
255 625 355 658 tenui
372 624 479 657 vitem
496 624 711 657 committere
728 624 841 666 sulco;

43 670 158 703 Altior
173 681 214 704 ac
231 670 370 714 penitus
387 673 488 703 terrae
505 669 669 713 defigitur
686 670 801 703 arbos:
1095 670 1162 702 290

43 715 206 748 AEsculus
221 715 259 748 in
275 715 405 759 primis,
423 727 511 759 quae,
528 719 700 758 quantum
717 715 844 749 vertice
861 715 904 749 ad
921 726 1024 749 auras

42 760 228 804 AEtherias,
246 765 385 794 tantum
401 760 516 793 radice
532 761 570 793 in
587 761 730 794 Tartara
746 761 869 794 tendit.
938 764 941 765 ⁷

24 803 133 849 “Ergo
150 818 219 839 non
236 806 365 839 hiemes
382 806 489 848 illam,
506 817 576 839 non
592 806 711 849 flabra,
727 817 840 850 neque
857 805 983 839 imbres

35 851 251 885 'Convellunt-
265 864 274 892 ;
297 851 442 885 immota
458 854 586 894 manet,
602 851 800 895 multosque
817 856 960 895 nepotes

41 896 158 931 Multa
174 897 289 931 virum
305 897 445 930 volvens
463 897 620 930 durando
637 897 763 930 saecula
780 897 899 931 vincit.

40 941 130 976 Tum
145 943 255 986 fortis,
270 943 342 976 late
357 954 469 975 ramos
487 947 522 976 et
538 941 679 983 brachia
696 943 841 976 tendens

40 987 122 1021 Huc
138 988 230 1031 illuc,
247 988 362 1021 media
379 988 648 1032 ipsadngentem
665 989 813 1021 sustinet
829 987 998 1022 umbram.
1018 1024 1026 1031 ⁷.

85 1034 181 1068 Neve
197 1033 263 1068 tibi
278 1034 323 1068 ad
340 1033 446 1067 solem
462 1038 608 1077 vergant
624 1034 743 1067 vineta
759 1034 941 1067 cadentem
955 1046 964 1075 ;

38 1078 135 1114 Neve
150 1080 242 1113 inter
258 1080 346 1113 vites
364 1079 520 1123 <3on
538 1091 610 1113 sere
627 1092 634 1120 ;
660 1091 746 1113 neve
763 1080 903 1123 flagella
935 1111 938 1114 Δ

38 1124 181 1159 Summa
195 1130 276 1170 pete
292 1129 355 1159 aut
372 1123 507 1158 summa
523 1125 698 1168 destringe
715 1136 759 1158 ex
776 1125 895 1159 arbore
909 1111 1049 1170 ‘plantas
1061 1137 1070 1166 ;
1088 1127 1156 1159 300

37 1170 171 1204 Tantus
187 1182 282 1205 amor
298 1175 398 1204 terrae
413 1183 422 1211 ;
445 1183 515 1204 neu
531 1171 621 1204 ferro
637 1171 725 1204 Iaede
740 1175 857 1205 retuso

36 1216 175 1250 Semina
190 1229 198 1258 ;
221 1228 308 1250 neve
325 1217 407 1250 oleae
425 1216 589 1250 silvestris
606 1217 716 1250 insere
730 1221 878 1251 truncos.

36 1261 129 1296 Nam
145 1274 234 1306 saepe
250 1262 401 1295 incautis
418 1262 612 1306 pastoribus
629 1263 761 1296 excidit
778 1263 878 1306 ignis,

37 1308 115 1351 Qui,
131 1308 254 1341 furtim
270 1308 395 1351 pingui
411 1308 562 1351 primum
580 1307 643 1340 sub
659 1308 785 1341 cortice
802 1312 926 1351 tectus,

35 1352 171 1387 Robora
187 1353 411 1397 comprendit,
428 1353 634 1396 frondesque
651 1353 787 1397 elapsus
804 1353 840 1386 in
857 1354 946 1387 altas

34 1398 219 1443 Ingentem
236 1399 321 1432 coelo
338 1399 490 1432 sonitum
507 1399 604 1432 dedit
614 1411 623 1440 3
647 1399 728 1432 inde
746 1403 884 1432 secutus

33 1443 100 1478 Per
114 1456 226 1478 ramos
243 1445 353 1478 victor
369 1456 498 1488 perque
514 1444 587 1478 alta
603 1445 784 1478 cacumina
799 1449 934 1488 regnat,

32 1490 79 1524 Et
95 1494 209 1524 totum
226 1490 373 1524 involvit
389 1490 537 1523 flammis
554 1486 739 1533 nemusset
754 1491 827 1524 ruit
844 1495 956 1525 atram

34 1536 87 1569 Ad
105 1536 231 1570 coelum
247 1536 345 1581 picea
362 1547 495 1569 crassus
513 1536 660 1579 caligine
676 1536 805 1569 nubem
820 1542 838 1570 :⁴

31 1581 229 1615 Praesertim
246 1582 275 1615 si
291 1586 477 1625 tempestas
494 1593 515 1615 a
531 1582 659 1625 vertice
677 1582 771 1617 silvis
1082 1584 1150 1617 310

32 1627 208 1670 Incubuit,
224 1627 461 1671 glomeratque
478 1628 590 1661 ferens
607 1628 768 1671 incendia
784 1631 919 1662 ventus.

32 1672 107 1707 Hoc
123 1672 194 1717 ubi,
211 1684 280 1707 non
296 1683 318 1707 a
335 1673 441 1717 stirpe
458 1673 586 1716 valent,
605 1685 770 1718 caesaeque
786 1674 914 1708 reverti

579 1730 600 1753 Ε
