1345 1927
85 69 150 100 122
392 67 430 102 P.
457 67 660 103 VIRGILII
685 68 900 103 MARONIS

86 135 95 150 ‘
107 133 135 167 O
154 133 246 175 socii,
264 143 331 184 qua
348 133 481 178 prima,’
498 134 624 178 inquit,
641 135 649 151 ‘
661 133 804 167 fortuna
821 132 943 166 salutis

78 177 253 211 Monstrat
269 181 345 220 lter,
362 189 499 222 quaque
516 178 668 212 ostendit
685 190 720 213 se
736 180 870 221 dextra,
888 187 1095 222 sequamur:

79 222 260 256 Mutemus
277 223 414 267 clipeOS‚
431 224 662 269 Danaumque
679 225 831 268 insignia
847 223 945 258 nobis

77 268 258 313 Aptemus.
298 269 416 312 Dolus,
434 281 480 303 an
497 270 617 313 virtus,
635 271 712 315 quis
730 271 767 303 in
785 270 883 304 hoste
899 268 1079 313 requirat?

81 316 187 348 Arma
204 314 340 348 dabunt
357 315 443 359 ipsi.’
491 314 548 349 Sic
564 315 668 358 fatus,
686 315 811 349 deinde
828 321 1024 349 comantem

77 360 254 404 Androgei
273 360 408 404 galeam
425 360 596 405 clipeique
613 361 749 404 insigne
767 360 930 394 decorum

78 406 254 449 Induitur,
272 406 442 450 laterique
461 406 631 449 Argivum
648 406 885 440 accomodat
901 416 1027 439 ensem.

78 451 154 485 Hoc
174 452 338 495 Rhipeus,
356 452 420 485 hoc
437 452 511 496 ipse
528 452 668 495 Dymas,
687 452 866 496 omnisque
877 453 1048 496 juventus

77 497 175 531 Laeta
190 498 276 531 facit
291 510 299 538 ;
325 497 441 541 spoliis
459 509 493 531 se
511 498 656 542 quisque
673 498 868 531 recentibus
885 502 1007 531 armat.

78 543 248 577 Vadimus
264 543 419 576 immixti
436 543 567 576 Danais
584 543 680 577 haud
697 544 842 576 numine
859 548 985 586 nostro,

78 589 264 633 Multaque
281 600 342 633 per
359 600 485 622 caecam
502 590 676 632 congressi
693 589 816 633 proelia
832 592 970 622 noctem

79 635 296 669 Conserimus
311 647 318 675 ;
343 635 472 668 multos
489 635 652 668 Danaum
670 635 886 668 demittimus
904 634 999 668 Orco.

78 680 281 724 Diffugiunt
298 680 358 714 alii
376 681 419 714 ad
437 692 552 724 naves,
571 685 606 714 et
622 680 726 715 litora
743 691 846 714 cursu

78 726 167 760 Fida
183 730 310 770 petunt
325 739 333 767 3
358 738 436 771 pars
453 727 634 770 ingentem
650 726 836 760 formidine
852 726 948 771 turpi

77 772 260 806 Scandunt
276 784 395 805 rursus
413 783 552 816 equum,
571 776 608 806 et
624 776 708 806 nota
725 772 925 805 conduntur
941 772 979 805 in
995 771 1082 806 alvo.

121 817 231 851 “Heu
246 817 336 851 nihil
354 819 476 852 invitis
492 818 544 851 fas
563 827 774 861 quemquam
791 816 897 850 fidere
913 817 1002 851 divis
1018 820 1027 853 l

78 862 168 896 Ecce
185 862 390 896 trahebatur
406 864 515 906 passis
532 862 707 895 Priameia
723 861 820 905 virgo

79 907 240 942 Crinibus
257 919 278 941 a
294 908 424 951 templo
443 907 635 941 Cassandra
650 908 835 951 adytisque
853 907 1030 950 Minervae,

79 954 135 988 Ad
153 954 279 987 coelum
296 954 442 987 tendens
459 954 618 988 ardentia
634 953 769 987 lumina
781 954 922 995 frustra,

79 1000 369 1043 Lumina,—nam
386 1004 522 1033 teneras
539 999 703 1033 arcebant
714 999 856 1032 vincula
872 999 1015 1043 palmas.

80 1046 160 1080 Non
176 1046 261 1079 tulit
278 1046 369 1079 hanc
388 1046 537 1089 speciem
553 1045 684 1079 furiata
700 1049 817 1078 mente
835 1045 1007 1088 Coroebus,

80 1092 128 1125 Et
145 1103 216 1125 sese
233 1092 388 1125 medium
404 1092 525 1135 injecit
542 1091 718 1135 periturus
735 1091 772 1124 in
789 1102 924 1134 agmen.

81 1138 333 1181 Consequimur
349 1137 478 1181 cuncti,
496 1142 531 1171 et
548 1137 662 1171 densis
679 1137 888 1170 incurrimus
905 1136 1019 1170 armis.

81 1183 151 1217 Hic
167 1184 320 1228 primum
337 1194 380 1217 ex
398 1183 470 1216 alto
487 1183 623 1216 delubri
640 1183 792 1216 culmine
809 1182 888 1216 telis

81 1230 288 1263 Nostrorum
304 1229 493 1272 obruimur,
511 1229 689 1272 oriturque
705 1228 899 1262 miserrima
915 1227 1025 1262 caedes

81 1276 269 1309 Armorum
284 1275 374 1308 facie
391 1279 426 1308 et
444 1275 627 1308 Graiarum
644 1285 755 1308 errore
768 1274 944 1318 jubarum.

82 1322 172 1355 Tum
190 1321 304 1355 Danai
321 1321 455 1364 gemitu
472 1325 577 1365 atque
594 1325 720 1365 ereptae
736 1320 882 1364 virginis
898 1320 951 1354 ira

82 1368 248 1411 Undique
265 1367 401 1401 collecti
418 1367 602 1410 invadunt,
619 1366 807 1401 acerrimus
824 1366 927 1410 Ajax,

82 1413 129 1447 Et
145 1413 277 1457 gemini
294 1412 437 1456 Atridae,
454 1412 695 1457 Dolopumque
712 1412 885 1446 exercitus
902 1412 1012 1446 omnis
1026 1424 1033 1446 ε

82 1459 230 1493 Adversi
245 1462 350 1503 rupto
368 1469 432 1492 ceu
450 1458 626 1502 quondam
642 1458 782 1492 turbine
799 1458 896 1492 venti

83 1505 294 1549 Confligunt,
311 1504 569 1549 Zephyrusque,
586 1504 777 1548 Notusque,
794 1508 830 1538 et
846 1504 946 1537 laetus
963 1503 1045 1538 Eois

83 1551 198 1584 Eurus
215 1551 312 1595 equis
326 1562 333 1584 ι
359 1550 514 1584 stridunt
531 1550 637 1594 silvae,
655 1551 822 1594 saevitque
839 1550 985 1584 tridenti

83 1596 256 1640 Spumeus
273 1601 378 1640 atque
395 1596 464 1630 imo
482 1596 613 1629 Nereus
630 1596 699 1630 ciet
716 1607 854 1640 aequora
869 1596 987 1629 fundo.

85 1643 143 1675 Illi
161 1643 276 1685 etiam,
295 1643 324 1675 si
342 1653 427 1685 quos
445 1643 589 1676 obscura
605 1646 707 1676 nocte
723 1653 784 1686 per
800 1641 959 1675 umbram

85 1687 254 1721 Fudimus
271 1688 417 1731 insidiis,
434 1692 576 1732 totaque
593 1688 805 1732 agitavimus
821 1687 916 1730 urbe,

85 1734 265 1778 Apparent
278 1746 288 1776 ;
313 1734 414 1778 primi
434 1734 560 1779 clipeos
576 1734 794 1778 mentitaque
811 1733 882 1767 tela

1127 269 1195 302 390

1131 726 1201 758 400

1135 1183 1202 1214 410

1139 1643 1204 1674 420
