1345 1927
91 36 157 68 104
390 32 427 67 P.
454 33 659 67 VIRGILII
685 31 898 66 MARONIS

90 99 196 133 Troes
213 103 248 133 te
264 99 390 143 miseri,
409 101 522 134 ventis
539 100 648 134 maria
666 100 781 133 omnia
799 100 899 142 vecti,

91 145 238 179 Oramus
252 158 258 179 :
285 146 428 190 prohibe
445 146 606 179 infandos
623 157 644 179 a
660 145 807 179 navibus
824 146 921 188 ignes
936 157 944 185 ;

90 191 198 224 Parce
214 192 271 236 pio
288 192 416 235 generi,
434 198 469 225 et
486 192 626 236 propius
642 203 696 224 res
712 191 826 235 aspice
844 197 986 224 nostras.

91 237 170 270 Non
187 248 248 270 nos
265 242 328 271 aut
345 237 435 271 ferro
453 237 598 281 Libycos
615 237 781 281 populare
798 242 941 280 penates

92 283 270 326 Venimus,
290 287 354 317 aut
370 288 488 327 rapt-as
505 283 549 316 ad
566 283 669 316 litora
685 288 818 316 vertere
835 282 969 326 praedas
983 293 990 315 :

91 328 171 362 Non
187 340 229 362 ea
245 329 296 363 vis
313 329 438 372 animo,
455 340 519 362 nec
536 333 637 362 tanta
653 327 814 372 superbia
831 328 941 361 victis.

92 374 156 408 Est
171 374 276 417 locus,
295 356 500 418 Hesperiam
517 375 612 408 Graii
629 374 831 418 cognomine
848 374 981 416 dicunt,
1143 373 1212 406 530

92 420 197 454 Terra
213 420 370 464 antiqua,
387 425 510 472 potens
527 420 631 453 armis
648 425 754 463 atque
770 419 874 453 ubere
891 419 1026 463 glebae:

93 466 232 499 OEnotri
249 466 385 499 coluere
402 466 491 506 viri3
516 476 610 498 nunc
626 466 729 508 fama,
746 465 896 498 minores

93 512 236 546 Italiam
253 511 381 544 dixisse
398 511 496 544 ducis
513 511 556 544 de
572 511 710 544 nomine
727 515 877 554 gentem.

94 557 176 590 Huc
193 569 313 591 cursus
329 557 422 590 fuit·
414 583 423 598 ‚

95 603 213 644 Quum
230 603 344 636 subito
362 613 544 646 assurgens
560 601 672 635 fluctu
689 602 866 635 nimbosus
884 601 990 636 Orion

95 648 138 682 In
156 649 245 683 vada
261 660 352 682 caeca
369 648 464 692 tulit,
481 648 690 693 penitusque
707 647 908 692 procacibus
925 647 1052 681 austris

95 694 229 739 Perque
245 695 368 738 undas,
386 699 572 747 superante
589 694 669 736 salo,
686 705 815 738 perque
832 693 928 727 invia
945 704 1030 727 saxa

94 741 260 785 Dispulit.
302 741 382 774 Huc
399 741 503 785 pauci
520 740 641 773 vestris
660 740 866 773 adnavimus
883 739 960 772 oris.

97 787 195 828 Quod
203 798 312 830 genus
321 786 386 820 hoc
393 785 596 820 hominqu
609 796 730 828 quaeve
741 785 835 818 hunc
849 790 922 819 tam
933 783 1078 818 barbara
1084 795 1215 818 morem

96 832 275 866 Permittit
291 831 428 877 patria?
453 832 602 876 hospitio
619 830 842 883 prohibemur
858 842 992 865 arenae.
986 832 992 854 ¹
1147 831 1216 863 540

96 879 195 912 Bella
212 878 314 921 cient,
331 878 513 922 primaque
530 882 652 911 vetant
669 877 854 910 consistere
872 882 972 910 terra.

97 924 134 958 Si
150 936 259 968 genus
275 924 472 958 humanum
488 927 523 956 et
538 923 700 956 mortalia
717 923 873 956 temnitis
891 933 996 965 arma,

96 972 145 1004 At
163 974 298 1014 sperate
315 970 394 1003 deos
411 980 578 1003 memores
594 968 692 1002 fandi
709 973 814 1012 atque
831 968 984 1002 nefandi.

98 1016 173 1050 Rex
191 1020 265 1049 erat
282 1016 408 1049 AEneas
425 1015 532 1058 nobis,
551 1026 618 1058 quo
629 1014 757 1058 justior
773 1014 862 1048 alter

97 1062 169 1095 Nee
186 1062 316 1106 pietate
333 1062 403 1095 fuit
419 1073 482 1095 nec
498 1061 588 1094 bello
605 1061 714 1104 major
731 1065 765 1093 et
782 1061 886 1094 armis
900 1073 906 1094 :

99 1108 210 1149 Quem
227 1108 255 1140 si
270 1108 345 1141 fata
362 1107 476 1140 virum
493 1111 640 1149 servant,
658 1107 687 1139 si
703 1107 854 1139 vescitur
870 1118 955 1140 aura

98 1154 265 1196 AEtheria,
283 1165 397 1196 neque
413 1153 529 1186 adhuc
546 1152 743 1186 crudelibus
760 1152 906 1186 occubat
923 1151 1065 1195 umbris,

98 1200 177 1233 Non
194 1204 317 1241 metus,
335 1199 445 1232 officio
462 1210 506 1231 ne
523 1202 558 1231 te
575 1203 722 1231 certasse
739 1198 887 1241 priorem

100 1245 282 1278 Poeniteat.
324 1244 414 1278 Sunt
431 1248 467 1277 et
483 1244 608 1277 Siculis
625 1243 822 1287 regionibus
840 1243 951 1287 urbes,

99 1292 271 1334 Arvaque,
289 1290 503 1334 Trojanoque
521 1301 542 1323 a
558 1290 726 1333 sanguine
744 1289 856 1323 clarus
874 1290 1024 1324 Acestes.
1150 1290 1218 1323 550

101 1337 306 1378 Quassatam
323 1336 436 1369 ventis
453 1336 556 1369 liceat
574 1336 764 1368 subducere
782 1335 934 1379 classem,
1149 1334 1152 1335 ⁷

99 1383 146 1417 Et
163 1382 258 1416 silvis
275 1386 395 1426 aptare
412 1382 525 1415 trabes
543 1385 578 1415 et
596 1382 764 1425 stringere
780 1393 890 1416 remos
905 1394 913 1423 3

99 1429 136 1462 Si
153 1429 258 1462 datur
276 1427 425 1470 Italiam,
444 1428 543 1461 sociis
560 1432 595 1461 et
611 1438 691 1470 rege
707 1433 856 1472 recept0‚

99 1475 262 1517 Tendere,
279 1478 321 1507 ut
339 1473 480 1507 Italiam
497 1474 571 1507 laeti
588 1474 796 1517 Latiumque
813 1478 971 1518 petamus
985 1486 993 1515 ;

99 1520 160 1554 Sin
178 1520 338 1553 absumta
355 1519 456 1562 salus,
474 1524 509 1552 et
526 1524 571 1562 te,
589 1524 688 1564 pater
704 1520 834 1563 optime
851 1520 1033 1562 Teucrum,

99 1566 232 1600 Pontus
250 1565 356 1599 habet
374 1565 501 1609 Libyae‚
518 1577 582 1598 nec
600 1577 675 1609 spes
688 1566 764 1609 jam
780 1570 889 1599 restat
906 1566 985 1608 Iuli,

97 1612 146 1645 At
163 1612 253 1645 freta
269 1611 416 1645 Sicaniae
433 1611 556 1645 saltem
573 1612 736 1655 sedesque
753 1615 901 1656 paratas,

97 1658 199 1691 Unde
215 1657 284 1690 huc
301 1657 446 1699 advecti,
464 1668 650 1709 regemque
667 1662 827 1701 petamus
844 1653 1026 1691 Acesten„

97 1703 239 1738 Talibus
257 1703 434 1744 Ilioneus;
459 1703 576 1737 cuncti
594 1702 697 1737 simul
715 1715 770 1737 ore
788 1703 982 1737 fremebant

97 1749 318 1785 Dardanidae.
1150 1749 1219 1782 560
