1345 1927
20 0 33 71 *ul*

26 389 27 393 Α
26 332 33 352 ι’
20 91 39 322 ss-zwg-„neaess‘b

185 111 254 143 264
497 108 534 142 P.
553 108 758 142 VIRGILII
783 107 997 142 MARONIS

187 174 254 208 Per
271 175 397 208 sudum
414 174 559 208 rutilare
576 175 705 218 vident,
723 179 759 208 et
775 175 877 219 pulsa
893 179 1022 208 tonare.

187 220 406 264 Obstupuere
424 221 548 254 animis
565 220 625 254 alii
641 233 648 261 3
675 220 732 254 sed
750 220 873 253 Troius
891 220 988 253 heros
1236 220 1304 252 530

187 266 340 308 Agnovit
357 265 508 299 sonitum
526 269 561 299 et
578 265 667 299 divae
686 266 851 310 promissa
867 265 1030 310 parentis.

189 308 277 342 Tum
295 313 463 343 memorat
481 321 487 342 :
515 311 533 327 “
547 309 599 343 Ne
618 320 705 351 vero,
723 309 855 353 hospes,
875 320 917 342 ne
935 319 1051 352 quaere
1069 308 1234 352 profecto,

188 352 298 394 Quem
315 364 433 386 casum
450 356 610 397 portenta
626 355 741 386 ferant
756 366 764 394 ;
789 364 851 396 ego
869 364 987 397 poscor
1004 353 1160 398 Olympo.

189 397 265 432 Hoc
283 399 421 442 signum
438 398 565 431 cecinit
582 398 764 432 missuram
781 399 863 432 diva
879 399 1039 442 creatriX,

187 442 224 476 Si
240 443 371 477 bellum
387 444 565 487 ingrueret>
579 456 587 484 ;
614 443 852 488 Vulcaniaque
869 455 966 478 arma
982 455 1043 488 per
1059 454 1162 478 auras

186 488 354 522 Laturam
371 489 511 522 auxilio.

187 533 269 567 Heu
286 538 426 578 quantae
443 534 574 567 miseris
593 534 701 567 caedes
720 534 950 568 Laurentibus
967 535 1101 568 instant
1115 536 1122 568 Ξ

188 579 281 620 Quas
299 590 416 623 poenas
433 578 530 621 mihi,
548 579 672 621 Turne,
690 579 786 612 dabis
802 581 808 612 !
836 591 940 623 quam
956 580 1070 613 multa
1086 579 1150 614 sub
1166 580 1278 615 undas

188 625 295 659 Scuta
312 625 426 658 virum
443 624 631 668 galeasque,
644 629 680 657 et
695 625 799 657 fortia
815 636 955 668 corpora
971 625 1097 668 volves,

188 670 318 713 Thybri
335 674 434 714 pater
449 672 455 703 !
484 669 631 703 Poscant
649 670 747 712 acies,
766 674 801 703 et
817 670 947 704 foedera
963 671 1156 714 rumpant.''
1238 673 1305 705 540

236 716 321 749 Haee
337 715 398 749 ubi
416 715 511 748 dicta
529 715 633 758 dedit,
653 715 735 748 solio
753 726 787 748 se
805 715 898 748 tollit
914 715 958 749 ab
974 715 1045 749 alto
1059 728 1068 757 ;

189 761 235 794 Et
251 762 402 805 primum
421 760 601 794 Herculeis
619 761 746 804 sopitas
764 761 902 804 ignibus
919 772 995 795 aras

189 806 341 850 Excitat,
358 807 625 850 hesternumque
642 806 763 839 Larem
780 817 971 850 parvosque
988 810 1130 851 penates

188 852 306 886 Laetus
323 852 397 886 adit
411 865 419 892 ;
444 855 601 885 mactant
618 851 724 884 lectas
742 852 783 884 de
800 863 893 885 more
909 852 1067 886 bidentes

188 897 371 931 Evandrus
388 897 525 942 pariter,
543 897 673 940 pariter
689 897 836 941 Trojana
847 898 1025 940 juventus.

189 941 272 976 Post
288 943 370 976 hinc
387 943 431 976 ad
449 953 553 975 naves
570 942 738 985 graditur,
757 943 930 986 sociosque
947 943 1064 976 revisit
1079 955 1085 976 :

190 988 343 1029 Quorum
361 988 403 1021 de
419 999 572 1030 numero,
590 988 650 1031 qui
668 999 738 1021 sese
756 988 792 1020 in
809 987 901 1021 bella
919 993 1119 1032 sequantur,

190 1033 398 1067 Praestantes
415 1033 546 1066 virtute
563 1033 649 1076 legit
663 1045 671 1073 ;
696 1044 775 1076 pars
792 1037 906 1066 cetera
923 1045 1031 1077 prona.

189 1079 315 1112 Fertur
332 1089 432 1123 aqua,
450 1078 631 1122 segnisque
649 1078 799 1112 secundo
816 1078 938 1112 defluit
955 1079 1059 1122 amni,

189 1124 222 1157 N
224 1125 327 1158 uncia
344 1128 491 1157 ventura
509 1124 655 1157 Ascanio
672 1135 856 1167 rerumque
873 1124 1058 1168 patrisque.
1238 1127 1306 1159 550

189 1170 328 1204 Dantur
345 1170 422 1213 equi
440 1169 579 1203 Teucris
597 1169 775 1212 Tyrrhena
792 1169 991 1213 petentibus
1008 1181 1091 1204 arva
1109 1183 1116 1205 :

190 1215 334 1249 Ducunt
351 1218 521 1248 exsortem
538 1214 666 1257 AEneae‚
679 1226 782 1258 quem
799 1214 897 1248 fulva
913 1215 1021 1248 leonis

191 1261 295 1294 Pellis
313 1260 385 1294 obit
402 1264 526 1300 totum,
544 1260 754 1304 praefulgens
772 1260 948 1303 unguibus
965 1261 1090 1294 aureis.

237 1307 345 1340 Fama
362 1305 456 1339 volat
473 1316 615 1350 parvam
634 1305 747 1339 subito
765 1305 910 1348 vulgata
926 1317 987 1350 per
1003 1305 1134 1349 urbem,

191 1352 294 1385 Ocius
311 1352 360 1385 ire
377 1351 508 1395 equites
526 1351 695 1394 Tyrrheni
712 1351 756 1384 ad
773 1351 896 1384 limina
912 1351 1011 1395 regis.

191 1397 281 1431 Vota
296 1401 393 1431 metu
411 1396 593 1440 duplicant
610 1400 748 1439 matres,
765 1396 974 1440 propiusque
990 1396 1118 1441 periclo

191 1442 228 1476 It
245 1443 356 1485 timor,
375 1446 410 1475 et
426 1442 535 1485 major
552 1441 676 1475 Martis
689 1443 764 1485 jam
781 1446 926 1486 apparet
942 1442 1064 1486 imago.

190 1488 278 1521 Tum
295 1492 395 1532 pater
412 1487 604 1530 Evandrus,
622 1487 782 1521 dextram
799 1487 999 1531 complexus
1016 1487 1140 1530 euntis,
1164 1522 1167 1525 ,

191 1533 319 1575 Pheret,
337 1533 555 1577 inexpletum
572 1533 767 1576 lacrimans,
785 1544 824 1566 ac
841 1533 928 1566 talia
943 1533 1059 1583 fatur-‘z

192 1578 210 1595 “
224 1577 251 1610 O
269 1577 356 1611 mihi
373 1577 567 1621 praeteritos
584 1578 712 1612 referat
730 1579 757 1612 si
775 1579 917 1622 Jupiter
933 1587 1041 1611 annos
1057 1578 1064 1610 !
1240 1580 1307 1610 560
1330 1605 1332 1609 x

190 1619 310 1661 Qualis
327 1630 430 1662 eram,
448 1630 556 1663 quum
574 1619 723 1663 primam
739 1620 848 1653 aciem
866 1620 1041 1654 Praeneste
1058 1620 1121 1654 sub
1140 1621 1214 1665 ipsa.

189 1664 305 1698 Stravi
322 1668 566 1709 scutorumque
582 1665 722 1698 incendi
740 1665 850 1699 victor
866 1677 1015 1709 acervos,

189 1709 236 1744 Et
251 1721 368 1753 regem
384 1710 451 1744 hac
468 1710 628 1743 Herilum
646 1710 770 1744 dextra
787 1710 850 1744 sub
867 1711 1010 1745 Tartara
1026 1711 1104 1745 misi
1119 1724 1127 1745 :

189 1754 354 1790 Nascenti
371 1756 428 1789 cui
445 1759 515 1790 tres
531 1755 666 1790 animas
684 1756 830 1790 Feronia
846 1760 966 1799 mater,
