1345 1927
110 47 176 80 130
419 45 457 81 Ρ.
475 46 679 81 VIRGILII
705 46 918 81 MARONIS

111 111 167 145 ‘Si
185 111 361 155 periturus
378 112 461 155 abis,
479 115 514 146 et
530 125 592 146 nos
608 124 690 156 rape
707 113 744 145 in
761 112 877 145 omnia
892 114 1010 145 tecum
1024 122 1033 151 ;

107 155 169 189 Sin
186 156 341 200 aliquam
358 160 522 200 expertus
540 155 663 189 sumtis
680 167 774 200 spem
790 157 889 199 ponis
906 155 942 187 in
959 155 1071 195 armis,

107 201 211 235 Hanc
228 202 381 246 primum
398 206 513 235 tutare
530 201 680 235 domum.
729 201 793 235 Oui
809 211 937 244 parvus
954 199 1063 240 Iulus,

111 246 175 280 Cui
192 252 300 291 pater,
318 253 353 282 et
371 249 498 292 conjux
515 248 690 292 quondam
707 252 770 282 tua
787 248 882 281 dicta
897 247 1074 290 relinquor
1088 244 1152 288 ‘l'qf

157 293 176 309 “
191 293 289 327 'falia
306 295 498 328 vociferans
515 295 650 338 gemitu
667 298 799 328 tectum
817 305 917 327 omne
933 292 1090 337 replebat
1105 304 1114 334 ;

112 337 230 379 Quum
247 337 402 371 subitum
419 337 583 382 dictuque
600 338 710 371 oritur
725 337 883 371 mirabile
898 341 1103 371 monstrum.
1159 337 1226 370 680

111 383 271 427 Namque
286 395 410 417 manus
427 383 518 417 inter
533 388 801 427 maestorumque
817 395 877 417 ora
892 386 1080 428 parentum

110 429 199 462 Ecce
216 429 301 462 levis
319 440 452 463 summo
469 430 511 462 de
528 429 657 463 vertice
673 430 767 463 visus
785 429 857 463 Iuli

111 474 272 508 Fundere
288 475 408 508 lumen
425 486 524 519 apert,
542 479 710 518 tactuque
726 475 870 509 innoxia
885 474 1006 508 molles

113 521 280 554 Lambere
295 520 436 554 flamma
452 532 575 563 comas,
593 525 628 554 et
645 521 776 554 circum
791 525 948 565 tempora
960 520 1067 565 pasci.

111 566 182 600 Nos
199 566 318 610 pavidi
335 566 508 610 trepidare
525 571 632 609 metu,
649 566 847 610 crinemque
863 566 1069 609 flagrantem

112 612 295 655 Excutere,
314 615 348 645 et
366 616 501 645 sanctos
517 612 732 655 restinguere
748 612 903 645 fontibus
919 613 1027 656 ignes.

111 658 159 691 At
176 662 276 702 pater
288 657 456 691 Anchises
473 658 588 691 oculos
605 658 650 691 ad
667 657 779 691 sidera
795 657 897 691 laetus

111 703 263 746 Extulit,
281 707 316 737 et
333 703 418 737 coelo
435 703 568 747 palmas
582 715 667 737 cum
683 714 766 738 voce
783 703 933 737 tetendit
947 715 954 737 :

116 747 125 763 ‘
136 747 280 791 Jupiter
297 749 525 792 omnipoten3‚
544 747 660 792 precib
689 779 694 781 ,
715 747 750 789 i
766 747 914 782 flecteris
930 748 1023 791 uuis,

116 793 221 837 Aspic
305 805 320 827 s
335 806 343 834 3
369 794 434 827 hoc
451 798 591 827 tantum
606 805 615 833 3
632 782 731 832 ὧι
747 792 878 836 pietate
895 806 1078 836 meremur,
1175 795 1243 827 690

115 806 322 884 Datdeind}
332 839 517 880 auxilium,
535 842 643 883 pater,
660 842 766 881 atque
782 838 855 872 haec
873 841 989 874 omina
1004 839 1125 875 firma.'

160 884 181 902 “
227 896 266 917 1x
285 896 326 918 ea
342 885 438 918 fatus
456 888 531 918 erat
548 884 661 917 senior
677 896 684 923 3
710 883 893 928 subitoque
910 886 1045 929 fragore

119 928 280 961 Intonuit
296 928 432 968 laevum,
451 929 485 959 et
503 927 544 958 de
562 929 646 959 coelo
663 928 760 970 lapsa
776 938 838 970 per
853 928 994 960 umbras

116 973 227 1007 Stella
243 973 356 1007 facem
372 972 502 1005 ducens
518 971 632 1005 multa
649 983 728 1005 cum
744 971 822 1005 luce
839 973 1001 1008 cucurrit.

117 1019 229 1061 Illam,
248 1030 383 1052 summa
400 1029 503 1062 super
518 1017 692 1051 labentem
709 1018 863 1051 eulmina
880 1019 974 1062 teeti,

117 1065 295 1099 Cernimus
314 1064 409 1098 Idaea
426 1064 554 1097 claram
571 1075 606 1097 se
623 1063 768 1097 condere
785 1064 882 1106 silva,

115 1111 389 1155 Signantemque
406 1109 478 1143 vias
493 1121 501 1150 ;
526 1113 603 1142 tum
619 1109 722 1153 longo
739 1109 850 1143 limite
868 1110 983 1144 sulcus

115 1157 186 1190 Dat
202 1157 326 1199 lucem,
344 1159 378 1189 et
395 1155 465 1189 late
482 1155 613 1188 circum
630 1155 704 1188 loca
721 1155 852 1188 sulfure
869 1156 1016 1190 fumant.

116 1203 186 1236 Hic
204 1214 283 1236 vero
300 1202 412 1235 victus
428 1201 564 1244 genitor
581 1213 615 1234 se
632 1201 725 1234 tollit
742 1201 786 1234 ad
803 1213 916 1245 auras,

116 1248 322 1291 Affaturque
340 1247 430 1290 deos,
447 1250 483 1280 et
500 1250 660 1280 sanctum
677 1247 771 1280 sidus
788 1247 918 1281 adorat.
1167 1248 1234 1283 700

117 1295 125 1310 ‘
139 1294 165 1328 J
167 1305 224 1327 am
236 1295 313 1337 jam
330 1292 430 1325 nulla
447 1303 542 1325 mora
559 1296 610 1325 est
624 1305 633 1333 ;
658 1303 792 1336 sequor,
810 1296 845 1325 et
863 1303 931 1335 qua
949 1292 1086 1338 ducitis,
1104 1295 1237 1331 adsum.

117 1340 163 1373 Di
180 1339 295 1384 patrii,
314 1342 447 1372 servate
464 1337 614 1380 domum,
631 1341 764 1371 servate
781 1342 940 1381 nepotem
954 1339 961 1371 !

119 1386 282 1419 Vestrum
299 1385 364 1417 hoc
381 1383 578 1427 augurium,
596 1388 778 1427 vestroque
795 1383 832 1415 in
849 1384 993 1417 numine
1009 1383 1110 1428 Troja
1127 1389 1188 1419 est.

119 1431 208 1465 Cedo
226 1431 397 1474 equidem,
414 1441 486 1472 nee,
504 1434 596 1472 nate,
613 1429 678 1462 tibi
695 1440 806 1462 comes
823 1429 873 1462 ire
889 1430 1028 1464 recuso?

119 1477 266 1510 Dixerat
283 1476 342 1509 ille
357 1488 365 1517 ;
391 1479 425 1508 et
437 1476 512 1519 jam
529 1486 589 1519 per
605 1474 733 1508 moenia
751 1474 873 1508 clarior
889 1475 980 1518 ignis

119 1523 282 1564 Auditur,
300 1522 509 1566 propiusque
527 1526 629 1554 aestus
647 1520 808 1553 incendia
823 1520 978 1555 volvunt.

124 1570 132 1586 ‘
151 1568 243 1611 Ergo
261 1578 334 1611 age,
353 1579 430 1601 care
446 1571 555 1611 pater,
574 1568 698 1601 cervici
716 1568 890 1612 imponere
907 1572 1032 1601 nostra>
1050 1580 1058 1609 ;

119 1612 198 1657 Ipse
215 1612 335 1646 subibo
353 1611 515 1653 humeris,
532 1622 595 1644 nee
611 1622 666 1644 me
683 1610 779 1644 labor
795 1611 860 1645 iste
876 1613 1035 1656 gravabit
1050 1625 1058 1652 ;

120 1659 196 1700 Quo
213 1670 265 1692 res
283 1669 431 1702 cumque
449 1657 583 1700 cadent,
601 1668 712 1690 unum
729 1660 764 1691 et
781 1668 961 1692 commune
978 1657 1156 1702 periclum,

118 1704 198 1740 Una
215 1704 308 1739 salus
324 1703 490 1738 ambobus
508 1703 582 1737 erit.
631 1702 721 1736 Mihi
738 1715 864 1749 parvus
883 1703 982 1738 Iulus
1168 1706 1235 1740 710
