1345 1927
198 79 265 110 286
509 77 546 111 P.
565 78 767 112 VIRGILII
794 78 963 112 MARON
967 78 1008 112 IS

198 142 355 177 Tollitur.
405 144 594 188 Invadunt,
610 149 646 178 et
661 145 768 179 fossas
785 156 910 189 aggere
927 144 1102 190 complent
1117 157 1127 186 ;

197 189 369 223 Ardentes
386 189 493 224 taedas
510 190 571 224 alii
588 190 633 224 ad
649 191 791 234 fastigia
802 193 950 234 jactant.

199 233 352 268 Ilioneus
369 247 452 269 saxo
468 240 574 280 atque
591 236 727 280 ingenti
744 236 916 280 fragmine
932 236 1060 270 montis

196 279 390 324 Lucetium,
407 285 515 325 portae
532 281 738 315 subeuntem
754 282 920 325 ignesque
936 282 1106 315 ferentem
1120 293 1129 322 ;
1245 281 1314 316 570

195 324 405 360 Emathiona
422 327 532 370 Liger,
551 327 755 371 Corynaeum
773 328 896 360 sternit
913 327 1094 370 Asylas,—-

195 370 265 404 Hic
277 372 395 415 jaculo
413 371 531 415 bonus,
549 373 606 406 hie
625 373 725 416 longe
742 372 886 406 fallente
904 373 1054 416 sagitta:

195 416 382 461 Ortygium
400 418 551 461 Caeneus,
569 419 734 451 victorem
752 418 876 452 Caenea
893 418 1030 451 Turnus
1044 430 1053 459 ;

193 461 330 496 Turnus
349 463 443 507 Itym
461 464 697 508 Cloniumque,
715 464 930 508 Dioxippum
947 463 1225 508 Promolumque,

193 507 239 541 Et
257 508 423 552 Sagarim,
442 513 476 542 et
494 510 636 542 summis
653 514 804 543 stantem
820 520 881 553 pro
898 508 1052 542 turribus
1070 509 1158 542 Idan
1175 522 1184 550 ;

192 552 399 587 Privernum
416 555 537 598 Capys.
586 555 691 588 Hunc
709 555 819 599 primo
836 555 921 588 levis
938 555 1039 588 hasta
1054 554 1209 588 Temillae

192 598 389 633 Strinxerat
406 612 412 633 :
439 600 498 633 ille
514 611 658 634 manum
675 601 827 644 projecto
843 600 998 644 tegmine
1015 600 1156 633 demens

191 645 246 678 Ad
263 645 392 679 vulnus
410 645 494 679 tulit
511 658 519 687 3
544 656 624 689 ergo
641 645 704 679 alis
722 645 854 689 allapsa
871 645 1009 689 sagitta,

190 690 236 723 Et
253 691 339 724 laevo
356 691 461 724 affixa
478 696 530 725 est
545 691 648 724 lateri
663 702 796 734 manus,
814 690 1002 734 abditaque
1017 690 1114 724 intus

189 735 410 780 Spiramenta
427 737 552 770 animae
569 737 667 770 letali
684 737 828 770 vulnere
843 737 985 780 rumpit.
1239 738 1307 770 580

189 781 312 816 Stabat
328 783 366 815 in
383 783 528 826 egregiis
545 782 705 816 Arcentis
722 782 815 815 filius
832 782 946 825 armis,

188 827 308 861 Pictus
325 839 391 862 acu
408 829 627 872 chlamydem
645 832 680 861 et
696 828 873 871 ferrugine
890 827 1004 861 clarus
1021 827 1163 871 Hibera,

188 872 339 917 Insignis
355 874 444 908 facie
461 887 468 915 ;
494 875 629 918 genitor
645 885 749 918 quem
765 874 906 906 miserat
923 874 1063 916 Arcens,

186 918 362 952 Eductam
378 921 499 953 matris
517 920 602 962 luco,
623 919 814 963 Symaethia
831 919 961 952 circum

186 964 357 1008 Flumina,
376 966 516 1010 pinguis
533 965 594 998 ubi
611 970 646 999 et
663 965 843 1009 placabilis
860 976 920 998 ara
937 964 1057 998 Palici.

185 1010 397 1044 Stridentem
414 1011 571 1054 fundam,
589 1011 709 1055 positis
727 1010 921 1043 Mezentius
938 1010 1057 1053 hastis,

185 1056 264 1100 Ipse
281 1062 334 1090 ter
350 1057 502 1090 adducta
519 1057 649 1090 circum
667 1061 773 1101 caput
790 1056 862 1099 egit
879 1055 1014 1089 habena
1030 1068 1039 1096 ;

182 1101 229 1134 Et
245 1103 360 1136 media
376 1102 510 1136 adversi
527 1102 713 1146 liquefacto
731 1107 886 1145 tempora
902 1101 1044 1145 plumbo

182 1147 329 1191 Diffidit,
347 1160 387 1182 ac
404 1148 517 1182 multa
533 1152 730 1192 porrectum
747 1147 906 1181 extendit
923 1158 1037 1180 arena.

182 1193 271 1226 Tum
287 1195 440 1238 primum
455 1194 546 1227 bello
564 1194 708 1227 celerem
725 1193 914 1226 intendisse
931 1193 1097 1236 sagittam
1232 1194 1301 1227 590

180 1239 329 1281 Dicitur,
347 1244 428 1273 ante
445 1240 535 1273 feras
552 1240 672 1273 solitus
690 1243 816 1272 terrere
833 1239 983 1282 fugaces,

182 1286 359 1328 Ascanius,
376 1286 568 1329 fortemque
584 1297 692 1318 manu
709 1285 840 1318 fudisse
857 1285 1060 1317 Numanum
1074 1295 1083 1325 ;

181 1331 245 1364 Cui
262 1331 408 1365 Remulo
425 1342 613 1375 cognomen
631 1336 705 1364 erat
719 1343 728 1372 ;
753 1330 930 1374 Turnique
945 1330 1114 1363 minorem

180 1376 387 1410 Germanam
404 1388 515 1421 nuper
532 1377 685 1410 thalamo
703 1376 853 1410 sociatus
870 1375 1029 1410 habebat.

179 1422 214 1455 Is
233 1423 380 1467 primam
397 1428 479 1456 ante
495 1423 604 1456 aciem
622 1423 731 1466 digna
747 1427 852 1466 atque
868 1421 1014 1465 indigna
1029 1420 1144 1455 relatu

179 1467 389 1511 Vociferans,
407 1469 633 1513 tumidusque
649 1479 738 1502 novo
754 1467 944 1512 praecordia
958 1477 1066 1512 regno

178 1512 270 1556 Ibat,
287 1518 323 1548 et
338 1514 516 1558 ingentem
533 1526 604 1548 sese
621 1514 769 1548 clamore
785 1513 939 1547 ferebat:

224 1560 245 1578 “
259 1560 337 1593 Non
353 1560 462 1603 pudet
479 1559 654 1593 obsidione
670 1560 797 1592 iterum
814 1558 973 1602 valloque
991 1558 1112 1600 teneri,

175 1604 235 1638 Bis
253 1604 347 1648 capti
365 1604 529 1647 Phryges,
547 1609 582 1637 et
599 1603 707 1636 Marti
718 1602 938 1647 praetendere
953 1613 1069 1636 muros
1084 1601 1097 1636 ‘1

176 1649 230 1683 En
248 1651 308 1694 qui
325 1654 441 1683 nostra
459 1649 523 1682 sibi
540 1649 629 1682 bello
647 1648 820 1682 connubia
835 1649 1000 1693 poscunt!
1224 1649 1292 1682 600

177 1694 260 1735 Quis
278 1695 361 1728 deus
380 1695 529 1737 Italiam,
546 1706 623 1739 quae
640 1706 699 1728 vos
717 1694 891 1727 dementia
907 1693 1051 1738 adegit?

175 1740 253 1774 Non
270 1740 328 1774 hic
345 1741 487 1783 Atridae,
504 1751 567 1774 nec
584 1740 681 1774 fandi
698 1740 797 1774 fictor
814 1739 942 1773 Ulixes.
