1330 1932
426 68 648 103 AENEIDOS
672 68 759 102 LIB.
785 68 847 101 VI.
1131 68 1199 100 207

83 137 236 172 Tendere
252 137 319 170 iter
335 136 457 180 pennis
471 147 478 169 :
503 135 584 169 talis
601 146 673 168 sese
689 134 820 167 halitus
838 134 924 167 atris
1132 134 1201 166 240

84 183 258 217 Faucibus
275 182 454 215 effundens
471 192 594 224 supera
610 180 655 213 ad
672 191 825 213 convexa
841 179 974 212 ferebat
991 190 998 212 :

83 229 201 274 [Unde
217 228 331 261 locum
349 227 443 260 Graii
460 226 625 259 dixerunt
641 225 779 258 nomine
797 223 963 268 Aornon.]

85 275 243 315 Quatuor
258 273 316 306 hic
332 273 483 316 primum
499 271 677 314 nigrantes
694 274 793 314 terga
804 271 972 314 juvencos

86 319 285 361 Constituit,
302 318 477 361 frontique
492 317 644 360 invergit
661 316 743 350 vina
760 315 914 349 sacerdos
931 328 940 356 ;

85 365 131 398 Et
149 375 299 397 summas
317 374 459 406 carpens
475 362 590 395 media
605 362 697 394 inter
714 372 843 394 cornua
860 366 971 404 saetas,

87 410 233 453 Ignibus
250 409 398 452 imponit
416 408 528 450 sacris,
546 407 713 440 libamina
729 407 852 450 prima,

87 456 178 489 Voce
195 466 319 488 vocans
338 454 505 496 Hecaten,
524 453 684 496 Coeloque
701 452 880 495 Ereboque
896 455 1074 495 potentem
1088 463 1095 485 ε

88 501 298 544 Supponunt
315 499 376 532 alii
393 499 530 540 cultros,
549 498 776 542 tepidumque
793 509 947 530 cruorem

88 546 290 589 Suscipiunt
306 544 444 588 pateris.
492 544 571 587 Ipse
587 544 656 576 atri
672 543 808 577 velleris
826 554 952 587 agnam

87 592 215 625 AEneas
231 591 337 623 matri
354 589 589 623 Eumenidum
605 600 812 632 magnaeque
830 589 933 621 sorori
1136 589 1204 620 250

89 637 180 670 Ense
196 636 288 678 ferit,
306 635 526 678 sterilemque
543 635 616 676 tibi,
635 634 848 678 Proserpina,
866 645 1008 667 vaccam
1023 646 1030 667 :

89 682 178 715 'rum
195 681 316 725 Stygio
332 681 406 724 regi
422 684 608 713 nocturnas
625 680 766 712 inchoat
782 691 868 722 aras,

90 728 137 760 Et
155 727 263 760 solida
279 726 428 770 imponit
444 730 622 758 taurorum
640 725 771 758 viscera
786 725 945 768 flammis,

91 773 228 816 Pingue
245 783 347 815 super
363 771 477 804 oleum
493 770 681 803 infundens
698 770 901 803 ardentibus
918 771 1018 804 extis.

91 818 180 851 Ecce
196 822 324 859 autem,
341 816 445 860 primi
462 816 525 848 sub
541 815 679 848 lumina
696 815 775 848 solis
793 819 828 848 et
845 821 950 858 ortus,

92 863 164 897 Sub
181 863 326 907 pedibus
342 862 478 904 mugire
496 861 616 902 solum,
634 865 669 893 et
680 861 769 904 juga
785 865 898 904 coepta
914 861 1043 895 moveri

92 909 277 951 Silvarum,
293 907 445 950 visaeque
462 917 562 940 canes
579 906 714 939 ululare
730 917 791 950 per
807 906 976 949 umbram,

95 954 313 986 Adventante
329 953 401 985 dea.
451 952 469 968 “
483 951 608 984 Procul
625 962 653 992 ο,
666 950 786 994 procul
803 955 883 992 este,
901 949 1068 995 profani,’'

94 998 293 1031 Conclamat
310 1001 416 1039 vates,
433 997 452 1014 “
463 1000 604 1039 totoque
622 996 777 1028 absistite
794 995 872 1027 luco
888 1007 896 1035 3

92 1043 212 1086 Tuque
230 1042 354 1075 invade
372 1043 473 1083 viam,
490 1041 687 1084 vaginaque
703 1041 795 1084 eripe
808 1040 939 1073 ferrum
956 1051 962 1072 :
1137 1041 1204 1072 260

94 1089 199 1121 Nunc
217 1088 340 1120 animis
357 1098 457 1130 opus„
471 1086 580 1119 AEnea
609 1097 703 1118 nunc
720 1089 856 1128 pectore
871 1084 1005 1117 firm0.'’

95 1133 248 1167 Tantum
265 1132 378 1175 effata,
394 1131 513 1164 furens
529 1133 629 1163 antro
647 1140 681 1162 se
697 1129 842 1162 immisit
859 1132 996 1173 aperto:

96 1178 162 1212 Ille
179 1178 302 1211 ducem
318 1177 413 1210 haud
430 1176 562 1209 timidis
579 1176 764 1209 vadentem
780 1174 936 1218 passibus
953 1177 1078 1217 aequat.

143 1224 198 1265 Di,
213 1223 338 1266 quibus
355 1221 541 1265 imperium
553 1224 604 1253 est
621 1221 826 1261 animarum,
836 1219 1042 1262 Umbraeque
1060 1219 1209 1260 silentes,

98 1269 145 1303 Et
163 1269 281 1310 Chaos,
299 1272 333 1300 et
350 1266 576 1310 Phlegethon,
593 1266 668 1299 loca
683 1269 784 1298 nocte
801 1265 954 1297 tacentia
970 1265 1049 1307 late,

99 1314 152 1348 Sit
169 1314 256 1347 mihi
273 1314 325 1346 fas
342 1312 463 1346 audita
479 1311 575 1354 loqui
589 1323 598 1352 ς
623 1311 667 1343 sit
683 1311 827 1342 numine
844 1315 956 1343 vestro

99 1360 256 1393 Pandere
272 1370 325 1391 res
342 1358 415 1391 alta
431 1362 523 1390 terra
539 1360 574 1389 et
591 1356 738 1398 caligine
754 1366 891 1389 mersas.

101 1405 206 1438 Ibant
223 1403 358 1437 obscuri
375 1403 446 1436 sola
463 1401 524 1435 sub
541 1406 641 1434 nocte
658 1412 719 1445 per
736 1401 901 1443 umbram,

101 1450 235 1493 Perque
253 1450 369 1482 domos
386 1448 478 1481 Ditis
495 1459 631 1489 vacuas,
649 1451 684 1479 et
701 1446 820 1479 inania
836 1457 952 1489 regna.

104 1496 213 1537 Quale
230 1506 290 1538 per
306 1495 474 1527 incertam
491 1493 612 1525 lunam
629 1492 691 1524 sub
708 1491 786 1524 luce
802 1492 957 1534 maligna
1146 1491 1214 1525 270

102 1541 166 1574 Est
182 1541 249 1573 iter
265 1540 302 1572 in
319 1540 414 1572 silvis
428 1551 434 1572 :
458 1538 520 1571 ubi
537 1538 661 1571 coelum
677 1537 832 1570 condidit
848 1537 971 1570 umbra

104 1586 257 1630 Jupiter,
274 1589 310 1618 et
325 1585 427 1618 rebus
444 1596 514 1617 nox
531 1583 676 1617 abstulit
692 1587 769 1616 atra
785 1582 940 1616 colorem.

106 1631 327 1664 Vestibulum
344 1635 426 1663 ante
442 1631 556 1673 ipsum
572 1629 759 1673 primisque
776 1628 814 1660 in
830 1627 989 1661 faucibus
1008 1627 1087 1661 Orci

106 1677 238 1710 Luctus
255 1680 290 1709 et
306 1676 445 1709 ultrices
462 1686 605 1719 posuere
622 1673 750 1707 cubilia
767 1673 865 1706 Curae
880 1685 889 1714 3

109 1722 350 1766 Pallentesque
367 1721 530 1756 habitant
546 1719 669 1764 Morbi,
685 1719 864 1763 tristisque
881 1718 1057 1762 Senectus,
