1345 1927
90 65 158 97 414
507 62 782 97 CATALECTA.

131 129 247 171 Quum
264 129 378 163 subito
395 129 432 162 in
449 129 562 164 medio
579 141 696 164 rerum
712 130 900 163 certamine
918 140 1069 174 praeceps

177 175 324 218 Corruit,
342 187 360 208 e
377 176 492 220 patria
508 175 630 220 pulsus
647 176 684 208 in
701 175 872 210 exsilium.

129 220 213 254 Tale
229 220 302 254 deae
319 232 450 254 numen
465 233 472 262 ;
498 221 562 255 tali
578 221 740 254 mortalia
757 226 847 254 nutu

177 266 303 300 Fallax
320 271 495 301 momento
512 267 676 311 temporis
693 267 777 300 hora
793 265 902 301 dedit.
1165 268 1210 300 10

307 330 410 365 XIII.
435 330 500 365 AD
526 330 782 365 ANTONIUM
807 330 988 365 MUSAM.

131 385 356 431 Quocumque
372 387 423 421 ire
439 387 559 421 ferunt
576 387 680 421 van'ae
697 399 758 421 nos
776 392 933 432 tempora
950 388 1044 430 vitae,

176 432 331 476 Tangere
348 444 434 477 quas
451 438 570 475 terras,
588 444 742 477 quosque
759 433 875 467 videre
892 433 1068 468 homines:
1110 433 1115 436 '

129 476 342 522 Dispeream,
361 479 389 512 si
407 484 442 512 te
458 479 566 511 fuerit
583 478 671 512 mihi
688 479 798 512 carior
814 479 911 513 alter.

176 524 276 557 Alter
293 525 386 557 enim
403 524 480 568 quis
497 529 532 557 te
549 524 682 558 dulcior
699 535 771 557 esse
789 524 925 569 potest?

131 568 196 603 Cui
215 570 332 603 Venus
348 574 431 603 ante
448 569 542 610 alios,
560 570 642 612 divi,
660 570 850 614 divumque
868 581 1006 614 sorores,

178 615 322 658 Cuncta,
342 627 452 660 neque
469 616 624 659 indigno,
642 616 754 659 Musa,
773 616 898 649 dedere
914 615 1004 650 bona
1014 629 1024 658 ;

131 660 275 704 Cuncta,
293 661 418 705 quibus
435 661 566 705 gaudet
583 661 743 704 Phoebus,
761 662 885 695 chorus
901 662 1044 707 ipseque
1061 661 1185 697 Phoebi
1198 675 1209 704 ;

177 707 320 740 Doctior
336 718 355 740 0
372 707 449 751 quis
466 713 511 750 te,
529 707 765 750 Musa‚‘fuisse
783 707 919 752 potest?

132 752 160 787 Ο
178 753 255 796 quis
273 758 308 786 te
324 753 362 786 in
378 753 478 786 terris
497 753 654 796 loquitur
665 753 854 797 jucundior
870 753 963 788 uno?

179 798 251 832 Clio
268 810 350 832 nam
367 804 460 832 certe
477 799 626 832 candida
643 810 710 832 non
729 799 892 843 loquitur.
1165 801 1211 833 10

133 844 247 886 Quare
264 844 352 877 iliud
370 845 453 878 satis
471 850 532 887 est,
550 845 578 878 si
595 850 630 878 te
648 845 821 888 permittis
839 846 948 878 amari
963 858 972 886 ;

176 889 266 934 Non,
283 895 403 923 eontra
419 894 460 923 ut
477 890 522 923 sit
539 902 634 924 amor
651 895 795 924 mutuus
813 891 894 924 inde
910 891 1007 926 mihi.

331 954 426 988 XIV.
453 954 505 988 IN
531 954 721 988 OCTAVII
747 954 959 988 MORTEM.

133 1020 218 1062 Quis
235 1020 330 1063 deus,
349 1020 482 1063 Octavi,
499 1024 534 1054 te
551 1021 648 1054 nobis
666 1020 812 1054 abstulit
828 1020 839 1054 2
864 1033 920 1064 an,
938 1033 1017 1066 quae

177 1066 320 1109 Dicunt,
338 1078 393 1109 an,
409 1066 517 1099 nimio
534 1066 658 1110 pocula
676 1066 763 1100 dura
780 1078 873 1100 mero
887 1066 899 1100 2

133 1111 238 1145 Vobis
256 1112 284 1145 si
301 1112 405 1156 culpa
422 1116 473 1145 est
489 1112 569 1145 bilis
583 1124 590 1146 :
617 1123 678 1145 sua
696 1124 866 1156 quemque
883 1117 1077 1157 sequuntur

178 1157 267 1191 Fata
281 1170 287 1192 :
314 1158 404 1202 quod
422 1158 587 1191 immeriti
605 1158 735 1191 crimen
752 1158 883 1192 habent
900 1159 1019 1202 cyathi
1033 1159 1045 1192 2

132 1202 269 1248 Scripta
286 1204 427 1247 quidem
444 1208 507 1237 tua
523 1215 584 1237 nos
601 1204 754 1237 multum
771 1203 983 1248 mirabimur,
1002 1209 1037 1238 et
1055 1209 1090 1239 te

180 1249 335 1294 Raptum
352 1255 388 1283 et
405 1250 599 1283 Romanam
611 1249 770 1283 flebimus
786 1250 977 1284 historiam.

132 1294 200 1329 Sed
218 1300 259 1328 tu
275 1295 394 1328 nullus
412 1296 487 1329 eris.
537 1295 702 1337 Perversi,
720 1295 836 1338 dieite,
854 1307 983 1340 manes,

180 1341 285 1374 Hunc
304 1350 478 1385 superesse
494 1342 587 1385 patri
605 1352 681 1385 quae
698 1341 768 1375 fuit
784 1341 944 1376 invidia?

88 1404 164 1439 XV.
177 1404 391 1450 Fraqvwnta
402 1416 444 1439 ex
459 1405 629 1450 Epistola,
666 1416 748 1438 uam
764 1404 812 1438 ad
827 1406 1026 1450 Auqustum
1046 1405 1212 1440 Coesarem

401 1462 503 1496 super
519 1417 666 1485 AEneidz
681 1462 746 1484 sua
761 1451 907 1496 scripsit.

86 1507 161 1551 Ego
178 1519 258 1541 vero
282 1508 481 1552 frequentes
502 1520 523 1542 a
539 1512 575 1541 te
599 1508 718 1541 literas
743 1508 884 1552 accipio.
933 1507 982 1542 Et
1006 1507 1130 1554 infra:
1156 1507 1210 1542 De

86 1554 198 1587 AEnea
216 1554 357 1597 quidem
373 1566 459 1597 meo,
478 1555 515 1596 si,
533 1566 589 1587 me
607 1553 785 1596 Hercules,
799 1555 875 1597 jam
895 1554 1042 1597 dignum
1066 1553 1210 1588 auribus

86 1598 250 1633 haberem
274 1601 354 1643 tuis,
380 1600 529 1633 libenter
552 1600 738 1633 mitterem.
787 1599 854 1633 Sed
879 1604 1020 1633 tantum
1044 1599 1209 1633 inchoata

86 1656 140 1678 res
157 1651 228 1686 est;
249 1650 290 1678 ut
307 1657 406 1690 paene
422 1647 508 1679 vitio
525 1646 653 1679 mentis
670 1650 810 1678 tantum
828 1657 914 1689 opus
930 1646 1104 1689 ingressus
1120 1644 1208 1678 mihi

86 1690 206 1724 videar
220 1703 228 1731 ;
253 1703 363 1735 quum
379 1692 580 1736 praesertim,
592 1696 633 1724 ut
645 1691 718 1733 scis,
737 1691 806 1725 alia
823 1703 960 1739 quoque
977 1691 1095 1725 studia
1109 1690 1155 1724 ad
1170 1689 1209 1723 id
1258 1727 1265 1734 ‚

87 1747 182 1781 opus,
200 1737 380 1781 multoque
397 1738 540 1783 potiora,
559 1737 747 1782 impertiar.
