1345 1927
134 63 200 94 194
447 59 484 94 Ρ.
510 59 714 94 VIRGILII
739 60 954 94 MARONIS

135 128 305 161 Ascanius
320 127 349 162 :'’
374 128 510 171 galeam
526 132 607 162 ante
624 129 726 173 pedes
743 130 888 173 projecit
905 130 1053 173 inanem,

138 176 215 215 Qua
231 174 314 207 ludo
330 174 476 208 indutus
492 174 574 208 belli
591 175 777 208 simulacra
793 174 915 208 ciebat.

137 219 319 254 Accelerat
336 220 438 253 simul
457 220 593 263 AEneas,
611 221 714 253 simul
731 221 872 264 agmina
889 220 1070 254 Teucrum.

138 266 203 299 Ast
220 265 290 299 illae
307 265 442 299 diversa
458 270 555 299 metu
572 277 633 309 per
649 266 752 299 litora
770 266 898 309 passim

138 311 341 354 Diffugiunt
356 323 364 351 ;
389 311 572 354 silvasque,
589 315 625 344 et
642 311 752 344 sicubi
770 322 921 344 concava
936 311 1061 344 furtim

139 357 232 390 Saxa
248 361 383 401 petunt.
432 357 533 400 Piget
551 357 681 400 incepti
699 357 864 401 lucisque,
883 368 1030 400 suosque

140 402 290 436 Mutatae
307 407 511 445 agnoscunt,
529 413 740 446 excussaque
758 407 894 446 pectore
911 402 936 436 J
939 413 1008 435 uno
1025 405 1086 436 est.

140 447 208 482 Sed
224 458 293 480 non
310 448 437 481 idcirco
453 447 600 481 fiammae
617 452 723 491 atque
741 448 901 480 incendia
918 448 1007 481 vires
1193 448 1260 480 680

142 493 335 526 Indomitas
352 504 495 537 posuere
512 505 518 526 :
544 493 613 525 udo
631 493 694 525 sub
710 493 829 526 robore
846 493 935 527 vivit

141 538 278 582 Stuppa
295 550 436 571 vomens
453 538 593 571 tardum
610 538 758 581 fumum,
776 538 960 582 lentusque
977 537 1112 572 carinas

142 584 206 618 Est
223 595 338 628 vapor,
356 588 391 616 et
408 588 482 616 toto
499 583 678 616 descendit
695 595 833 627 corpore
850 584 956 627 pest-is
971 596 980 624 ;

142 629 216 663 Nec
233 630 322 663 vires
339 629 483 662 heroum
499 629 685 672 infusaque
701 628 849 662 flumina
865 633 1020 673 prosunt.

143 675 232 708 Tum
250 675 329 719 pius
346 675 473 707 AEneas
491 674 645 708 humeris
662 673 862 707 abscindere
879 679 1021 717 vestem,

145 721 357 764 Auxilioque
375 731 495 753 vocare
512 720 602 763 deos,
620 723 655 753 et
672 720 814 753 tendere
831 720 965 764 palmas
979 732 987 754 ε

148 765 318 808 “Jupiter
334 767 560 810 omnipotens,
579 768 607 799 si
623 768 778 800 nondum
796 778 919 799 exosus
936 765 981 800 ad
997 775 1109 798 unum

146 814 320 857 Trojanos,
338 813 366 845 si
383 812 468 856 quid
485 812 597 855 pietas
613 811 760 854 antiqua
776 810 909 843 labores

148 859 303 903 Respicit
320 858 499 900 humanos,
518 857 562 890 da
578 857 755 889 flammam
772 855 917 889 evadere
935 855 1036 888 classi

150 905 184 938 N
186 916 265 947 unc,
282 904 396 946 Pater,
414 907 449 936 et
466 907 588 936 tenues
606 902 777 935 Teucrum
794 913 847 934 res
864 902 957 945 eripe
974 901 1054 934 leto.
1200 902 1267 934 690

149 950 215 984 Vel
231 954 282 993 tu,
300 949 391 994 quod
409 952 572 992 superest,
590 948 716 980 infesto
733 947 881 979 fulmine
897 947 1010 988 morti,

151 996 187 1029 Si
203 1007 344 1038 mereor,
362 995 516 1036 demitte,
534 999 664 1037 tuaque
681 993 738 1025 hic
755 992 860 1025 obrue
878 992 1030 1025 dextra?

151 1041 222 1075 Vix
238 1041 312 1074 haec
329 1040 494 1081 ediderat,
513 1051 622 1083 quum
639 1038 755 1072 effusis
772 1037 939 1070 imbribus
956 1042 1034 1071 atra

151 1087 352 1131 Tempestas
370 1086 443 1118 sine
459 1096 553 1118 more
569 1084 666 1127 furit,
683 1083 887 1126 tonitruque
904 1083 1111 1116 tremiscunt

152 1132 274 1166 Ardua
289 1136 462 1165 terrarum
479 1134 513 1163 et
530 1130 644 1173 campi
658 1142 667 1170 ;
690 1129 764 1162 ruit
781 1129 908 1162 aethere
925 1133 998 1162 toto

153 1178 328 1211 Turbidus
344 1177 455 1209 imber
471 1187 563 1219 aqua
580 1175 764 1218 densisque
779 1174 988 1217 nigerrimus
1005 1173 1133 1207 austris
1147 1185 1156 1215 ς

156 1223 423 1267 Implenturque
441 1231 543 1264 super
559 1231 692 1264 puppes
709 1232 717 1260 3
743 1220 908 1253 senn'usta
924 1219 1130 1252 madescunt

157 1269 293 1303 Robora
307 1280 316 1309 ;
339 1267 526 1300 restinctus
543 1266 651 1299 donec
668 1276 775 1309 vapor
791 1265 911 1307 omnis,
929 1269 965 1298 et
981 1275 1107 1307 omnes,

158 1314 317 1356 Quatuor
332 1313 475 1354 amissis,
493 1316 636 1345 servatae
653 1322 675 1344 a
691 1315 788 1355 peste
805 1311 940 1344 carinae.

204 1359 253 1393 At
269 1363 369 1403 pater
385 1358 522 1400 AEneas,
539 1368 622 1390 casu
639 1368 823 1390 concussus
840 1356 971 1399 acerbo,
1209 1355 1276 1390 700

159 1405 263 1440 Nunc
280 1405 349 1437 huc
365 1404 525 1447 ingentes
542 1415 636 1436 nunc
653 1402 737 1435 illuc
754 1406 892 1446 pectore
909 1412 1009 1435 curas

160 1450 326 1486 Mutabat
343 1461 482 1483 versans
497 1461 504 1482 :
530 1448 700 1482 Siculisne
716 1448 881 1481 resideret
898 1447 1000 1490 arvis,

162 1496 300 1531 Oblitus
317 1496 479 1537 fatorum,
498 1494 652 1528 Italasne
669 1505 709 1526 ca
736 1498 860 1526 esseret
877 1504 961 1526 oraS.

161 1542 252 1576 Tum
269 1541 380 1574 senior
397 1541 540 1582 Nautes,
557 1551 669 1573 unum
685 1505 841 1572 Tiitonia
858 1538 974 1572 Pallas

165 1588 276 1629 Quem
294 1586 421 1629 docuit,
438 1585 619 1630 multaque
636 1585 808 1628 insignem
824 1584 975 1617 reddidit
991 1586 1076 1628 arte,

165 1633 253 1666 Haec
268 1643 431 1675 responsa
447 1631 562 1673 dabat,
580 1631 634 1664 vel
652 1642 730 1674 quae
747 1629 967 1674 portenderet
983 1629 1036 1663 ira

166 1677 299 1721 Magna
316 1676 429 1720 deum,
446 1677 502 1710 vel
519 1687 596 1720 quae
613 1678 766 1709 fatorum
783 1679 937 1719 posceret
953 1675 1043 1709 ordo.

166 1723 270 1769 Isque
286 1723 340 1757 his
357 1722 503 1757 AEneam
520 1722 648 1756 solatus
666 1722 806 1755 vocibus
823 1721 922 1754 infit:

1295 1823 1305 1927 ——nass
