1345 1927
115 48 183 82 300
418 45 455 79 Ρ.
481 45 532 79 VI
537 45 686 78 RGILII
711 44 925 78 MARONIS

116 109 226 153 Surge
243 119 316 152 age,
333 112 369 143 et
385 108 519 142 Aurora
536 109 642 142 socios
659 109 820 142 veniente
834 108 947 142 vocari

119 154 257 188 Primus
274 155 310 187 in
327 165 423 188 arma
435 154 530 198 jube,
548 158 583 188 et
601 154 751 198 clipeum
769 166 862 196 cape,
880 165 983 198 quem
1001 153 1096 188 dedit
1114 154 1179 198 ipsc

116 200 292 233 Invictum
309 200 515 244 ignipotens,
533 205 638 244 atque
655 211 730 233 oras
747 199 870 233 ambiit
887 211 979 233 auro.

116 246 274 279 Crastina
291 245 364 289 lux,
381 257 458 279 mea
475 246 503 278 si
520 257 588 279 non
606 246 705 279 irrita
723 246 817 279 dicta
834 245 979 289 putari3‚

115 290 281 335 Ingentes
299 291 440 324 Rutulae
458 291 628 335 spectabit
645 292 748 324 caedis
765 289 935 325 acervos.’'

114 336 282 370 Dixerat:
307 341 343 370 et
359 336 483 370 dextra
500 337 678 370 discedens
694 337 836 381 impulit
853 338 970 379 altam,

116 382 222 415 Haud
240 382 362 426 ignara
378 383 481 426 modi,
500 383 654 426 puppim.
703 383 812 426 Fugit
828 383 890 416 illa
906 394 967 426 per
985 382 1096 416 undas

116 427 216 461 Ocior
232 432 267 461 et
279 428 397 472 jaculo
415 432 450 462 et
468 433 587 461 ventos
606 434 766 472 aequante
784 429 922 472 sagitta.

116 473 202 507 Inde
219 473 297 507 aliae
315 474 467 507 celerant
485 485 613 507 cursuS.
662 473 788 518 Stupet
805 474 934 507 inscius
951 473 1024 517 ipse

115 518 196 552 Tros
213 519 439 552 Anchisiades
454 531 461 559 3
487 519 618 552 animos
637 523 754 553 tamen
771 520 883 553 omine
901 519 1003 553 tollit.
1165 520 1233 552 250

115 564 203 597 Tum
222 564 372 598 breviter
389 576 513 608 supera
529 569 711 608 aspectans
729 576 883 598 convexa
899 569 1062 609 precatur
1078 576 1084 598 :

113 614 130 627 *⁶
149 610 247 644 Alma
264 622 387 654 parens
408 611 499 643 Idaea
516 610 629 651 deum,
648 609 703 642 cui
722 609 898 652 Dindyma
916 609 1020 651 cordi,

114 652 375 696 Turrigeraeque
392 653 502 696 urbes,
519 652 700 698 bijugique
718 655 761 688 ad
779 654 878 688 frena.
894 655 1008 688 leones
1023 667 1032 695 3

114 698 168 731 Tu
184 694 270 731 mihi
288 710 380 732 nunc
398 711 526 743 pugnae
544 701 712 744 princeps,
730 705 771 734 tu
787 701 854 733 rite
871 700 1080 744 propinques

113 744 321 787 Augurium,
340 744 606 789 Phrygibusque
622 746 714 779 adsis
731 746 827 790 pede,
845 746 935 788 diva,
954 746 1132 780 secundo.”

114 788 267 823 'rantum
284 790 409 824 effatus
424 803 430 824 :
456 795 492 824 et
508 791 642 825 interea
657 792 816 825 revoluta-
833 791 958 826 ruebat

113 834 256 869 Matura
267 836 343 879 jam
361 836 438 870 luce
455 836 538 879 dies,
556 842 762 881 noctemque
779 838 928 881 fugarat.

161 880 336 925 Principio
353 882 451 915 sociis
469 882 583 925 edicit,
602 883 702 926 signa
719 887 917 927 sequantur,

113 925 231 970 Atque
248 927 380 961 animos
397 932 520 972 aptent
537 929 650 971 armis,
668 940 864 973 pugnaeque
881 932 1005 973 parent
1022 941 1066 963 se.

113 965 264 1016 Jamque
281 973 318 1005 in
335 977 521 1017 conspectu
539 974 685 1008 Teucros
703 975 808 1008 habet
825 978 861 1008 et
877 986 941 1008 sua
958 979 1080 1018 castra,
1163 976 1232 1008 260

114 1016 217 1051 Stans
235 1017 325 1052 celsa
342 1018 378 1051 in
395 1019 506 1063 puppi
520 1031 527 1052 :
553 1020 705 1064 clipeum
723 1031 830 1064 quum
847 1020 972 1054 deinde
989 1021 1129 1055 sinistra

113 1062 254 1097 Extulit
270 1064 458 1098 ardentem.
507 1065 698 1099 Clamorem
714 1065 758 1099 ad
775 1066 887 1099 sidera
904 1066 1034 1100 tollunt

113 1108 324 1143 Dardanidae
341 1121 359 1143 e
375 1111 483 1144 muris
498 1123 507 1152 ;
532 1122 608 1155 spes
626 1111 747 1145 addita
763 1112 909 1145 suscitat
926 1112 994 1146 iras
1009 1125 1017 1153 ;

112 1154 196 1187 Tela
211 1166 319 1188 manu
331 1156 479 1200 jaciunt.
529 1157 655 1198 Quales
672 1156 736 1190 sub
752 1157 901 1190 nubibus
918 1158 1002 1192 atris

113 1199 319 1243 Strymonia}
337 1201 423 1235 dant
440 1202 540 1246 signa
555 1214 666 1246 grues,
683 1207 790 1247 atque
806 1203 937 1237 aethera
952 1207 1096 1238 tranant

114 1245 201 1279 Cum
218 1247 343 1290 sonitu,
361 1247 576 1292 fugiuntque
592 1253 691 1282 notos
708 1249 856 1282 clamore
873 1249 1033 1284 secundo.

115 1290 161 1325 At
179 1291 311 1326 Rutulo
327 1293 401 1336 regi
419 1293 635 1338 ducibusque
652 1306 693 1328 ea
708 1295 797 1328 mira
813 1295 924 1328 videri

113 1336 276 1371 Ausoniis
291 1350 299 1379 3
325 1338 433 1372 donec
450 1351 564 1374 versas
581 1340 625 1373 ad
643 1340 745 1374 litora
761 1351 896 1384 puppes

114 1381 329 1427 Respiciunt,
347 1389 529 1429 totumque
546 1385 652 1419 allabi
669 1386 836 1420 classibus
854 1397 979 1430 aequor.

113 1427 223 1461 Ardet
239 1440 328 1473 apex
347 1430 463 1474 capiti,
482 1431 663 1476 cristisque
680 1443 701 1465 a
718 1432 848 1466 vertice
863 1432 1004 1466 flamma
1165 1434 1234 1469 270

113 1472 298 1518 Funditur,
315 1479 351 1509 et
367 1480 481 1510 vastos
498 1477 602 1510 umbo
619 1477 728 1511 vomit
744 1489 869 1511 aureus
885 1478 983 1522 ignes
997 1490 1004 1512 ε

112 1518 146 1552 N
148 1530 191 1552 on
209 1531 306 1554 secus
323 1532 363 1554 ac
379 1521 513 1565 liquida
530 1523 558 1556 si
577 1523 715 1566 quando
732 1527 833 1557 nocte
849 1528 992 1558 cometae

113 1564 304 1609 Sanguinei
320 1566 467 1610 lugubre
483 1567 620 1611 rubent,
637 1573 700 1603 aut
716 1569 825 1603 Sirius
841 1569 963 1604 ardor:

114 1610 177 1643 Ille
195 1611 289 1644 sitim
305 1612 508 1658 morbosque
525 1614 637 1648 ferens
654 1614 858 1648 mortalibus
875 1616 975 1659 aegris

112 1655 288 1700 Nascitur,
305 1662 341 1691 et
357 1658 443 1692 laevo
461 1660 644 1693 contristat
661 1660 793 1694 lumine
811 1661 946 1695 coelum.

159 1700 267 1736 Haud
284 1706 402 1738 tamen
419 1705 544 1739 audaci
561 1705 676 1740 Turno
692 1706 821 1741 fiducia
838 1707 940 1741 cessit
