1345 1927
104 51 170 83 188
407 48 445 82 P.
472 47 679 82 VIRGILII
706 45 920 81 MARONIS

103 116 208 150 Nunc
226 115 351 149 dextra
367 115 587 159 ingeminans
604 115 705 157 ictus,
722 125 817 147 nunc
835 113 893 146 ille
911 112 1060 146 sinistra.

103 162 136 196 N
139 174 177 196 ec
194 173 299 203 mora,
316 172 381 194 nec
397 161 540 205 requies.
579 161 692 201 Quam
709 160 822 193 multa
839 159 1009 202 grandine
1025 157 1136 191 nimbi

105 207 324 242 Culminibus
342 207 515 251 crepitant
530 218 536 240 :
563 207 611 240 sic
628 206 743 239 densis
761 205 888 238 ictibus
906 205 1004 238 heros

106 254 231 287 Creber
247 257 396 297 utraque
413 264 520 286 manu
538 252 655 296 pulsat
672 257 855 295 versatque
872 251 1012 284 Dareta.
1158 250 1228 282 460

106 299 203 333 Tum,
213 303 314 344 pater
329 299 456 332 AEneas
473 298 656 342 procedere
674 298 811 341 longius
829 297 907 339 iras,

107 345 154 379 Et
171 345 291 378 saevire
308 345 433 378 animis
451 344 631 377 Entellum
647 343 742 376 haud
760 354 881 387 passus
898 340 1029 375 acerbis
1044 354 1053 383 ;

109 391 176 425 Sed
193 391 299 424 finem
316 390 483 434 imposuit
501 401 638 434 pugnae,
655 390 853 432 fessumque
871 388 1001 421 Dareta

109 436 261 481 Eripuit,
278 436 435 469 mulcens
453 436 565 476 dictis,
587 447 627 468 ac
645 434 732 468 talia
747 436 861 468 fatur:

111 485 129 500 ‘³
147 482 284 521 infelix,
303 492 378 525 quae
397 486 497 515 tanta
513 483 668 515 animum
686 481 860 515 dementia
876 477 995 524 cepit?

111 528 190 561 Non
207 527 295 560 vires
313 526 397 559 alias
415 538 645 571 conversaque
661 528 807 561 numina
823 527 930 560 sentis
945 525 958 556 2

113 573 201 606 Cede
218 571 313 606 de0.'’
362 572 529 615 Dixitque
549 577 594 614 et,
612 572 735 616 proelia
747 584 827 605 voce
845 570 991 604 diremit.

114 614 179 646 Ast
196 613 298 646 illum
315 613 376 646 fidi
394 616 553 659 aequales,
567 628 683 661 genua
701 627 793 660 aegra
810 614 1017 656 trahentem,

115 660 139 693 J
142 663 387 703 actantemque
404 663 552 703 utroque
569 664 685 703 caput,
702 671 922 704 crassumque
939 670 1092 693 cruorem

117 705 183 738 Ore
200 707 419 750 ejectantem,
436 705 634 749 mixtosque
650 705 687 738 in
704 706 872 749 sanguine
889 705 1020 747 dentes,
1165 705 1234 738 470

116 751 263 784 Ducunt
280 751 325 784 ad
341 762 466 791 naves;
491 751 696 795 galeamque
713 763 897 795 ensemque
914 751 1028 785 vocati

117 797 325 841 Accipiunt:
351 797 503 841 palmam
521 797 660 830 Entello
678 802 887 841 taurumque
903 797 1116 840 relinquunt.

118 843 188 875 Hic
206 843 326 885 victor,
344 854 510 887 superaus
527 843 661 885 animis,
680 848 848 887 tauroque
865 843 1050 887 superbus:

117 886 136 903 “
147 886 237 919 Nate
254 886 328 929 dea,
345 898 473 930 vosque
490 886 595 928 haec,'’
613 887 737 929 inquit,
757 887 980 929 “cognoscite
998 886 1130 930 Teucri,

117 930 164 964 Et
180 931 268 965 mihi
285 943 361 976 quae
377 932 508 965 fuerint
520 932 677 975 juvenali
695 932 731 964 in
749 943 886 974 corpore
902 932 1004 972 vires,

116 976 162 1010 Et
179 988 248 1019 qua
264 978 405 1011 servetis
421 982 621 1010 revocatum
639 989 659 1010 a
674 983 784 1010 morte
801 977 962 1011 Dareta.'’

116 1020 227 1062 Dixit,
245 1025 280 1054 et
297 1021 433 1054 adversi
451 1027 571 1056 contra
589 1023 687 1056 stetit
704 1035 763 1056 ora
774 1024 928 1067 juvenci,

119 1066 187 1107 Qui
206 1066 337 1100 donum
354 1068 516 1101 adstabat
534 1080 683 1112 pugnae;
709 1069 881 1113 durosque
898 1070 1044 1104 reducta

117 1112 273 1146 Libravit
290 1113 415 1147 dextra
431 1114 546 1148 media
562 1114 654 1148 inter
671 1126 800 1149 cornua
817 1120 931 1149 cestus

118 1158 270 1200 Arduus,
289 1159 498 1204 effractoque
516 1160 615 1193 illisit
633 1161 669 1193 in
686 1172 761 1194 ossa
778 1161 924 1196 cerebro.
1170 1163 1239 1195 480

117 1204 305 1247 Sternitur,
318 1206 556 1250 exanimisque
573 1211 724 1240 tremens
741 1207 939 1251 procumbit
955 1207 1054 1241 humi
1069 1207 1140 1242 bos.

120 1250 184 1282 Ille
202 1262 305 1294 super
322 1251 410 1284 tales
427 1251 578 1286 effundit
595 1256 733 1296 pectore
751 1264 849 1286 voces
863 1265 870 1287 ε

122 1296 140 1311 “
153 1295 254 1329 Hanc
270 1295 345 1339 tibi,
363 1296 470 1340 Eryx,
486 1296 661 1330 meliorem
677 1297 829 1330 animam
846 1308 908 1341 pro
924 1301 1034 1332 morte
1050 1298 1188 1332 Daretis

122 1340 281 1375 Persolvo
297 1354 304 1375 :
330 1342 387 1375 hic
403 1343 513 1375 victor
530 1346 643 1375 cestus
659 1348 837 1386 artemque
853 1343 1011 1387 repon0.'’

167 1384 338 1418 Protenus
355 1386 484 1420 AEneas
502 1388 605 1421 celeri
623 1393 755 1422 certare
773 1390 903 1433 sagitta

120 1429 265 1472 Invitat,
284 1432 343 1475 qui
360 1432 450 1466 forte
467 1433 587 1476 velint,
605 1439 641 1468 et
665 1435 809 1479 praemia
826 1436 926 1480 ponit
941 1448 949 1477 ;

120 1475 331 1521 Ingentique
348 1489 456 1512 manu
475 1479 608 1513 malum
625 1481 668 1514 de
684 1493 773 1515 nave
791 1482 918 1515 Seresti

120 1521 235 1566 Erigit
249 1535 258 1563 ;
283 1527 318 1556 et
335 1524 511 1558 volucrem
529 1528 674 1570 trajecto
691 1527 728 1560 in
744 1527 830 1561 fune
847 1527 1052 1571 columbam,

121 1567 196 1608 Quo
214 1569 364 1603 tendant
380 1570 521 1612 ferrum,
538 1572 630 1606 malo
648 1575 830 1618 suspendit
845 1573 890 1607 ab
907 1573 987 1608 alto.

121 1612 317 1649 Convenere
335 1616 410 1659 viri,
429 1619 669 1662 dejectamque
687 1630 774 1653 aerea
792 1624 918 1654 sortem
1173 1622 1242 1654 490

120 1659 266 1704 Accepit
283 1661 384 1705 galea
398 1675 406 1703 ;
431 1672 467 1696 et
483 1664 616 1707 primus
633 1665 782 1700 clamore
800 1666 950 1700 secundo

122 1705 324 1750 Hyrtacidae
341 1713 424 1743 ante
441 1721 558 1744 omnes
576 1712 649 1746 exit
667 1712 762 1746 locus
780 1711 1032 1757 Hippocoontis
1047 1724 1056 1752 ;
