1345 1927
120 100 166 130 46
425 95 463 129 P.
491 95 698 130 VIRGILII
723 96 939 130 MARONIS

121 164 300 208 Scipiadas
317 163 421 197 duros
436 163 537 206 bello,
555 167 590 196 et
607 167 652 207 te,
668 164 821 196 maxime
838 163 958 206 Caesar,
1182 165 1249 198 170

123 211 191 251 Qui
209 221 302 242 nunc
319 209 483 242 extremis
501 209 591 242 Asiae
603 210 678 252 jam
694 209 805 242 victor
821 209 858 242 in
875 210 943 242 oris

122 255 304 290 Imbellem
321 255 448 288 avertis
466 254 630 287 Romanis
646 254 783 288 arcibus
801 255 939 288 Indum.

122 302 234 344 Salve,
250 312 380 344 magna
396 312 520 345 parens
536 300 690 344 frugum,
707 299 873 333 Saturnia.
889 301 1004 344 tellus,

123 348 256 392 Magna
272 346 409 381 virum:
435 346 500 379 tibi
516 358 570 379 res
587 346 741 389 antiquae
758 345 872 379 laudis
889 350 924 379 et
940 347 1027 380 artis

123 394 313 438 Ingredior‚
331 397 467 426 sanctos
483 403 588 425 ausus
604 391 781 425 recludere
797 392 920 435 fontes,

121 440 367 482 Ascraeumque
385 449 470 471 cano
488 438 644 471 Romana
660 449 722 482 per
738 437 866 482 oppida
882 449 1030 472 carmen

169 486 203 518 N
204 496 273 518 unc
289 485 384 518 locus
402 495 563 518 arvorum
580 484 730 527 ingeniis
744 496 750 517 :
777 494 853 527 quae
869 484 992 518 robora
1007 484 1143 528 cuique,

124 531 209 572 Quis
227 531 326 573 color,
345 534 380 563 et
397 541 472 573 quae
490 530 535 562 sit
551 529 652 563 rebus
668 534 796 563 natura
812 530 972 564 ferendis.
1030 545 1054 551 -’

123 577 289 611 Difficiles
306 576 459 620 primum
475 580 584 618 terrae,
602 575 773 620 collesque
789 575 944 620 maligni,

123 623 252 656 Tenuis
269 622 330 655 ubi
347 621 480 664 argilla,
498 625 533 654 et
550 621 701 663 dumqsis
719 621 873 665 calculus
890 622 992 665 arvis,
1182 624 1250 656 180

124 668 283 702 Palladia
299 667 454 711 gaudent
471 667 559 700 silva
574 667 705 700 vivacis
721 667 829 700 olivae.

125 714 260 748 Indicio
277 719 338 756 est,
356 717 473 746 tractu
490 724 632 756 surgens
649 713 795 746 oleaster
811 713 931 747 eodem
1051 727 1082 739 ‹-

125 760 310 802 Plurimus,
329 764 364 792 et
381 759 481 792 strati
497 759 611 792 baccis
630 759 844 792 silvestribus
861 760 946 803 agri.

64 796 120 852 s
124 807 173 839 At
191 817 266 850 quae
282 805 423 849 pinguis
440 802 579 848 humus,
597 805 762 847 dulcique
778 806 912 854 uligine
928 806 1018 849 laeta,

126 852 262 895 Quique
278 852 440 894 frequens
457 850 571 884 herbis
589 855 624 883 et
640 851 766 884 fertilis
783 851 888 884 ubere
905 863 1058 897 campus,

126 897 272 939 Qualem
290 908 377 941 saepe
394 908 479 930 cava
494 897 623 930 montis
641 897 797 930 convalle
814 897 962 931 solemus

124 943 309 987 Despicere
324 955 330 976 :
356 943 425 975 huc
443 943 586 975 summis
603 943 789 986 liquuntur
804 944 951 987 rupibus
967 955 1096 987 amnes,

125 989 346 1032 Felicemque
362 988 510 1021 trahunt
527 988 650 1021 limum
664 1001 671 1022 :
697 989 827 1032 quique
845 990 960 1023 editus
977 995 1105 1034 austro,

125 1035 171 1068 Et
188 1035 314 1068 filicem
332 1034 445 1067 curvis
462 1034 611 1067 invisam
628 1035 741 1079 pascit
757 1035 881 1068 aratris
896 1048 904 1076 ;

127 1081 196 1114 Hic
213 1081 278 1114 tibi
295 1080 501 1124 praevalidas
518 1080 601 1113 olim
618 1081 799 1123 multoque
815 1081 964 1115 fluentes
1185 1083 1252 1115 190

125 1127 281 1160 Sufficiet
298 1126 434 1160 Baccho
452 1127 540 1159 vites
555 1139 563 1167 ;
588 1127 646 1160 hic
663 1127 788 1160 fertilis
805 1138 893 1170 uvae,

126 1173 195 1206 Hic
212 1173 336 1215 laticis,
356 1172 494 1215 qualem
511 1173 640 1216 pateris
657 1173 807 1206 libamus
824 1178 859 1206 et
876 1185 969 1216 auro,

126 1219 272 1252 Infiavit
289 1230 397 1262 quum
414 1218 553 1262 pinguis
572 1219 656 1252 ebur
673 1219 870 1262 Tyrrhenus
888 1219 931 1252 ad
949 1230 1036 1263 araS,

125 1265 298 1298 Lancibus
316 1268 351 1297 et
367 1264 492 1308 pandis
508 1265 683 1298 fumantia
699 1265 876 1298 reddimus
894 1270 985 1299 exta.

112 1306 187 1344 &sn
205 1314 363 1344 armenta
378 1310 489 1353 magis
508 1311 664 1343 studium
681 1311 878 1354 vitulosque
895 1311 996 1355 tueri,

125 1357 199 1390 Aut
215 1357 308 1389 setus
325 1356 452 1399 ovium,
470 1361 533 1389 aut
549 1362 688 1392 urentes
705 1357 800 1390 culta
817 1357 968 1401 capellas
982 1369 989 1391 :

125 1403 252 1445 Saltus,
271 1407 306 1435 et
324 1402 432 1435 saturi
450 1403 560 1446 petito
577 1402 768 1447 longinqua
785 1403 936 1446 Tarenti,

124 1449 172 1482 Et
190 1448 328 1492 qualem
345 1448 470 1481 infelix
487 1448 605 1482 amisit
621 1449 772 1482 Mantua
789 1461 960 1494 campum,

125 1494 329 1528 Pascentem
347 1495 465 1528 niveos
481 1494 624 1528 herboso
641 1495 785 1529 flumine
803 1507 936 1539 cycnos,

123 1541 158 1574 N
160 1553 203 1574 on
220 1541 347 1584 liquidi
364 1541 528 1584 gregibus
544 1541 667 1584 sontes,
686 1552 756 1574 non
773 1543 932 1585 gramina
949 1542 1097 1576 deerunt
1109 1555 1119 1583 3
1185 1543 1252 1576 200

124 1586 180 1630 Et,
199 1592 372 1630 quantum
388 1587 501 1631 longis
519 1592 663 1631 carpent
679 1593 838 1622 armenta
855 1589 985 1632 diebus,

125 1632 265 1676 Exigua
281 1637 421 1666 tantum
438 1633 573 1677 gelidus
590 1646 644 1667 ros
662 1640 764 1667 nocte
780 1639 932 1679 reponet.

123 1677 234 1722 Nigra
249 1679 321 1712 fere
338 1684 373 1712 et
390 1691 504 1723 presso
521 1680 662 1724 pinguis
681 1680 744 1713 sub
760 1692 897 1714 vomere
914 1686 1014 1723 terra,

123 1724 171 1758 Et
188 1726 244 1758 cui
261 1729 364 1769 putre
382 1726 502 1769 solum,
520 1737 670 1769 namque
687 1726 752 1760 hoc
769 1727 948 1761 imitamur
964 1727 1105 1770 arando,

125 1770 266 1815 Optima
282 1771 467 1805 frumentis
481 1784 488 1806 :
513 1783 582 1806 non
600 1772 671 1806 ullo
688 1784 731 1806 ex
749 1784 883 1818 aequore
900 1785 1017 1807 cernes
