<?xml version="1.0" encoding="UTF-8"?>
<!DOCTYPE html PUBLIC "-//W3C//DTD XHTML 1.0 Transitional//EN"
    "http://www.w3.org/TR/xhtml1/DTD/xhtml1-transitional.dtd">
<html xmlns="http://www.w3.org/1999/xhtml" xml:lang="en" lang="en">
 <head>
  <title>
</title>
<meta http-equiv="Content-Type" content="text/html;charset=utf-8" />
  <meta name='ocr-system' content='tesseract 3.04.00' />
  <meta name='ocr-capabilities' content='ocr_page ocr_carea ocr_par ocr_line ocrx_word'/>
</head>
<body>
  <div class='ocr_page' id='page_1' title='image "./operaomnia00virguoft_0184.png"; bbox 0 0 1345 1927; ppageno 0'>
   <div class='ocr_carea' id='block_1_1' title="bbox 128 59 938 98">
    <p class='ocr_par' dir='ltr' id='par_1_1' title="bbox 128 59 938 98">
     <span class='ocr_line' id='line_1_1' title="bbox 128 59 938 98; baseline 0.007 -6"><span class='ocrx_word' id='word_1_1' title='bbox 128 59 193 92; x_wconf 76' lang='lat'>176</span> <span class='ocrx_word' id='word_1_2' title='bbox 431 60 468 96; x_wconf 89' lang='lat' dir='ltr'>P.</span> <span class='ocrx_word' id='word_1_3' title='bbox 499 62 698 96; x_wconf 82' lang='lat' dir='ltr'>VIRGILII</span> <span class='ocrx_word' id='word_1_4' title='bbox 724 63 938 98; x_wconf 78' lang='lat' dir='ltr'><strong>MARONIS</strong></span> 
     </span>
    </p>
   </div>
   <div class='ocr_carea' id='block_1_2' title="bbox 121 126 1242 1767">
    <p class='ocr_par' dir='ltr' id='par_1_2' title="bbox 121 126 1242 1767">
     <span class='ocr_line' id='line_1_2' title="bbox 124 126 980 164; baseline 0.006 -6"><span class='ocrx_word' id='word_1_5' title='bbox 124 127 159 159; x_wconf 58' lang='lat' dir='ltr'>si</span> <span class='ocrx_word' id='word_1_6' title='bbox 178 126 278 160; x_wconf 85' lang='lat' dir='ltr'>modo</span> <span class='ocrx_word' id='word_1_7' title='bbox 295 127 361 160; x_wconf 86' lang='lat' dir='ltr'>rite</span> <span class='ocrx_word' id='word_1_8' title='bbox 378 139 507 162; x_wconf 85' lang='lat' dir='ltr'>memor</span> <span class='ocrx_word' id='word_1_9' title='bbox 524 134 659 163; x_wconf 77' lang='lat' dir='ltr'>servata</span> <span class='ocrx_word' id='word_1_10' title='bbox 676 130 838 163; x_wconf 79' lang='lat' dir='ltr'>iemetior</span> <span class='ocrx_word' id='word_1_11' title='bbox 853 130 980 164; x_wconf 83' lang='lat' dir='ltr'>astra-&#39;⁷</span> 
     </span>
     <span class='ocr_line' id='line_1_3' title="bbox 124 171 1063 220; baseline 0.007 -17.037"><span class='ocrx_word' id='word_1_12' title='bbox 124 171 149 203; x_wconf 83' lang='grc'>’1</span> <span class='ocrx_word' id='word_1_13' title='bbox 154 183 212 204; x_wconf 88' lang='lat' dir='ltr'>um</span> <span class='ocrx_word' id='word_1_14' title='bbox 230 172 308 216; x_wconf 89' lang='lat' dir='ltr'>pius</span> <span class='ocrx_word' id='word_1_15' title='bbox 330 173 476 208; x_wconf 74' lang='lat' dir='ltr'>AEneas:</span> <span class='ocrx_word' id='word_1_16' title='bbox 503 177 520 192; x_wconf 74' lang='lat'>‘³</span> <span class='ocrx_word' id='word_1_17' title='bbox 535 176 583 219; x_wconf 70' lang='lat' dir='ltr'>Eq</span> <span class='ocrx_word' id='word_1_18' title='bbox 590 176 706 208; x_wconf 84' lang='lat' dir='ltr'>uidem</span> <span class='ocrx_word' id='word_1_19' title='bbox 723 176 771 209; x_wconf 88' lang='lat' dir='ltr'>sic</span> <span class='ocrx_word' id='word_1_20' title='bbox 790 187 926 220; x_wconf 85' lang='lat' dir='ltr'>poscere</span> <span class='ocrx_word' id='word_1_21' title='bbox 944 183 1063 210; x_wconf 77' lang='lat' dir='ltr'>ventos</span> 
     </span>
     <span class='ocr_line' id='line_1_4' title="bbox 125 216 1023 260; baseline 0.003 -10"><span class='ocrx_word' id='word_1_22' title='bbox 125 216 150 250; x_wconf 88' lang='lat' dir='ltr'><strong>J</strong></span> <span class='ocrx_word' id='word_1_23' title='bbox 152 217 352 260; x_wconf 76' lang='lat' dir='ltr'>&#39;undudum</span> <span class='ocrx_word' id='word_1_24' title='bbox 371 221 405 251; x_wconf 86' lang='lat' dir='ltr'>et</span> <span class='ocrx_word' id='word_1_25' title='bbox 422 220 552 251; x_wconf 79' lang='lat' dir='ltr'>frustra</span> <span class='ocrx_word' id='word_1_26' title='bbox 568 230 668 251; x_wconf 86' lang='lat' dir='ltr'>cerno</span> <span class='ocrx_word' id='word_1_27' title='bbox 686 223 720 252; x_wconf 90' lang='lat' dir='ltr'>te</span> <span class='ocrx_word' id='word_1_28' title='bbox 738 219 878 252; x_wconf 86' lang='lat' dir='ltr'>tendere</span> <span class='ocrx_word' id='word_1_29' title='bbox 895 224 1023 254; x_wconf 84' lang='lat' dir='ltr'>contra.</span> 
     </span>
     <span class='ocr_line' id='line_1_5' title="bbox 124 262 980 308; baseline 0.002 -12"><span class='ocrx_word' id='word_1_30' title='bbox 124 262 242 296; x_wconf 79' lang='lat' dir='ltr'>Flecte</span> <span class='ocrx_word' id='word_1_31' title='bbox 259 263 352 297; x_wconf 82' lang='lat' dir='ltr'>viam</span> <span class='ocrx_word' id='word_1_32' title='bbox 370 263 463 297; x_wconf 81' lang='lat' dir='ltr'>velis.</span> <span class='ocrx_word' id='word_1_33' title='bbox 511 264 566 296; x_wconf 86' lang='lat' dir='ltr'>An</span> <span class='ocrx_word' id='word_1_34' title='bbox 585 264 629 297; x_wconf 81' lang='lat' dir='ltr'>sit</span> <span class='ocrx_word' id='word_1_35' title='bbox 647 265 733 297; x_wconf 83' lang='lat' dir='ltr'>mihi</span> <span class='ocrx_word' id='word_1_36' title='bbox 751 265 882 308; x_wconf 79' lang='lat' dir='ltr'>gratim</span> <span class='ocrx_word' id='word_1_37' title='bbox 898 265 980 308; x_wconf 84' lang='lat' dir='ltr'>ulla,</span> 
     </span>
     <span class='ocr_line' id='line_1_6' title="bbox 125 308 954 353; baseline 0.004 -12"><span class='ocrx_word' id='word_1_38' title='bbox 125 308 243 349; x_wconf 82' lang='lat' dir='ltr'>Quove</span> <span class='ocrx_word' id='word_1_39' title='bbox 259 309 369 352; x_wconf 78' lang='lat' dir='ltr'>manis</span> <span class='ocrx_word' id='word_1_40' title='bbox 385 309 462 342; x_wconf 78' lang='lat' dir='ltr'>fess-</span> <span class='ocrx_word' id='word_1_41' title='bbox 456 321 491 342; x_wconf 56' lang='lat' dir='ltr'>is</span> <span class='ocrx_word' id='word_1_42' title='bbox 508 314 622 353; x_wconf 81' lang='lat' dir='ltr'>optem</span> <span class='ocrx_word' id='word_1_43' title='bbox 641 310 823 343; x_wconf 81' lang='lat' dir='ltr'>demittere</span> <span class='ocrx_word' id='word_1_44' title='bbox 841 322 871 342; x_wconf 88' lang='lat' dir='ltr'>n</span> <span class='ocrx_word' id='word_1_45' title='bbox 865 322 954 353; x_wconf 74' lang='lat' dir='ltr'>wes,</span> 
     </span>
     <span class='ocr_line' id='line_1_7' title="bbox 125 355 1242 402; baseline 0.005 -16"><span class='ocrx_word' id='word_1_46' title='bbox 125 355 236 394; x_wconf 79' lang='lat' dir='ltr'>Quam</span> <span class='ocrx_word' id='word_1_47' title='bbox 255 366 332 397; x_wconf 80' lang='lat' dir='ltr'>quae</span> <span class='ocrx_word' id='word_1_48' title='bbox 349 355 565 388; x_wconf 77' lang='lat' dir='ltr'>Dardanium</span> <span class='ocrx_word' id='word_1_49' title='bbox 584 355 687 388; x_wconf 89' lang='lat' dir='ltr'>tellus</span> <span class='ocrx_word' id='word_1_50' title='bbox 705 356 790 388; x_wconf 84' lang='lat' dir='ltr'>mihi</span> <span class='ocrx_word' id='word_1_51' title='bbox 808 360 923 390; x_wconf 76' lang='lat' dir='ltr'>servat</span> <span class='ocrx_word' id='word_1_52' title='bbox 940 356 1098 402; x_wconf 78' lang='lat' dir='ltr'><strong>Acesten,</strong></span> <span class='ocrx_word' id='word_1_53' title='bbox 1196 360 1242 392; x_wconf 83' lang='lat'>30</span> 
     </span>
     <span class='ocr_line' id='line_1_8' title="bbox 123 399 1024 445; baseline 0.004 -13"><span class='ocrx_word' id='word_1_54' title='bbox 123 399 170 432; x_wconf 87' lang='lat' dir='ltr'>Et</span> <span class='ocrx_word' id='word_1_55' title='bbox 187 401 295 444; x_wconf 83' lang='lat' dir='ltr'>patris</span> <span class='ocrx_word' id='word_1_56' title='bbox 313 400 474 433; x_wconf 63' lang='lat' dir='ltr'>Anchisae</span> <span class='ocrx_word' id='word_1_57' title='bbox 491 401 621 444; x_wconf 79' lang='lat' dir='ltr'>gremio</span> <span class='ocrx_word' id='word_1_58' title='bbox 639 401 882 445; x_wconf 79' lang='lat' dir='ltr'>complectitur</span> <span class='ocrx_word' id='word_1_59' title='bbox 898 413 976 435; x_wconf 81' lang='lat' dir='ltr'>ossa</span> <span class='ocrx_word' id='word_1_60' title='bbox 990 401 1024 436; x_wconf 70' lang='lat' dir='ltr'>&#39;i&#39;&#39;</span> 
     </span>
     <span class='ocr_line' id='line_1_9' title="bbox 123 444 1007 490; baseline 0.003 -12"><span class='ocrx_word' id='word_1_61' title='bbox 123 444 210 479; x_wconf 86' lang='lat' dir='ltr'>Haec</span> <span class='ocrx_word' id='word_1_62' title='bbox 227 446 288 478; x_wconf 90' lang='lat' dir='ltr'>ubi</span> <span class='ocrx_word' id='word_1_63' title='bbox 305 446 408 486; x_wconf 77' lang='lat' dir='ltr'>dicta,</span> <span class='ocrx_word' id='word_1_64' title='bbox 426 451 553 490; x_wconf 83' lang='lat' dir='ltr'>petunt</span> <span class='ocrx_word' id='word_1_65' title='bbox 571 458 631 490; x_wconf 87' lang='lat' dir='ltr'>p01</span> <span class='ocrx_word' id='word_1_66' title='bbox 635 451 700 489; x_wconf 83' lang='lat' dir='ltr'>tus,</span> <span class='ocrx_word' id='word_1_67' title='bbox 717 451 752 480; x_wconf 84' lang='lat' dir='ltr'>et</span> <span class='ocrx_word' id='word_1_68' title='bbox 770 447 846 480; x_wconf 76' lang='lat' dir='ltr'>vela</span> <span class='ocrx_word' id='word_1_69' title='bbox 864 448 1007 482; x_wconf 87' lang='lat' dir='ltr'>secundi</span> 
     </span>
     <span class='ocr_line' id='line_1_10' title="bbox 122 473 1028 537; baseline 0.003 -14"><span class='ocrx_word' id='word_1_70' title='bbox 122 490 319 524; x_wconf 85' lang='lat' dir='ltr'>Intendunt</span> <span class='ocrx_word' id='word_1_71' title='bbox 336 473 502 535; x_wconf 69' lang='lat' dir='ltr'>zepliyri3</span> <span class='ocrx_word' id='word_1_72' title='bbox 527 492 638 525; x_wconf 84' lang='lat' dir='ltr'>fertur</span> <span class='ocrx_word' id='word_1_73' title='bbox 656 493 725 525; x_wconf 80' lang='lat' dir='ltr'>cita</span> <span class='ocrx_word' id='word_1_74' title='bbox 742 493 881 536; x_wconf 77' lang='lat' dir='ltr'><strong>gurgite</strong></span> <span class='ocrx_word' id='word_1_75' title='bbox 900 493 1028 537; x_wconf 80' lang='lat' dir='ltr'>classis,</span> 
     </span>
     <span class='ocr_line' id='line_1_11' title="bbox 121 536 914 572; baseline 0.003 -3"><span class='ocrx_word' id='word_1_76' title='bbox 121 536 168 570; x_wconf 85' lang='lat' dir='ltr'>Et</span> <span class='ocrx_word' id='word_1_77' title='bbox 186 536 327 570; x_wconf 82' lang='lat' dir='ltr'>tandem</span> <span class='ocrx_word' id='word_1_78' title='bbox 344 537 417 570; x_wconf 80' lang='lat' dir='ltr'>laeti</span> <span class='ocrx_word' id='word_1_79' title='bbox 434 541 526 570; x_wconf 80' lang='lat' dir='ltr'>notae</span> <span class='ocrx_word' id='word_1_80' title='bbox 543 537 610 570; x_wconf 79' lang='lat' dir='ltr'>adv</span> <span class='ocrx_word' id='word_1_81' title='bbox 613 542 775 570; x_wconf 86' lang='lat' dir='ltr'>ertuntur</span> <span class='ocrx_word' id='word_1_82' title='bbox 793 550 884 572; x_wconf 83' lang='lat' dir='ltr'>aren</span> <span class='ocrx_word' id='word_1_83' title='bbox 878 550 914 572; x_wconf 93' lang='lat' dir='ltr'>L*.</span> 
     </span>
     <span class='ocr_line' id='line_1_12' title="bbox 168 582 960 626; baseline 0.004 -11"><span class='ocrx_word' id='word_1_84' title='bbox 168 583 216 615; x_wconf 87' lang='lat' dir='ltr'>At</span> <span class='ocrx_word' id='word_1_85' title='bbox 234 582 353 626; x_wconf 82' lang='lat' dir='ltr'>procul</span> <span class='ocrx_word' id='word_1_86' title='bbox 370 582 504 616; x_wconf 77' lang='lat' dir='ltr'>excelso</span> <span class='ocrx_word' id='word_1_87' title='bbox 522 584 668 616; x_wconf 81' lang='lat' dir='ltr'>miratus</span> <span class='ocrx_word' id='word_1_88' title='bbox 686 583 815 616; x_wconf 79' lang='lat' dir='ltr'>veltice</span> <span class='ocrx_word' id='word_1_89' title='bbox 831 585 960 618; x_wconf 84' lang='lat' dir='ltr'>montis</span> 
     </span>
     <span class='ocr_line' id='line_1_13' title="bbox 122 628 964 673; baseline 0.004 -13"><span class='ocrx_word' id='word_1_90' title='bbox 122 628 327 661; x_wconf 77' lang='lat' dir='ltr'><strong>Adventum</strong></span> <span class='ocrx_word' id='word_1_91' title='bbox 345 628 521 671; x_wconf 81' lang='lat' dir='ltr'>sociasque</span> <span class='ocrx_word' id='word_1_92' title='bbox 538 632 629 661; x_wconf 76' lang='lat' dir='ltr'>rates</span> <span class='ocrx_word' id='word_1_93' title='bbox 646 629 796 661; x_wconf 85' lang='lat' dir='ltr'>occurrit</span> <span class='ocrx_word' id='word_1_94' title='bbox 814 629 964 673; x_wconf 78' lang='lat' dir='ltr'>Acestes,</span> 
     </span>
     <span class='ocr_line' id='line_1_14' title="bbox 125 673 984 717; baseline 0.005 -12"><span class='ocrx_word' id='word_1_95' title='bbox 125 673 296 706; x_wconf 81' lang='lat' dir='ltr'>Horridus</span> <span class='ocrx_word' id='word_1_96' title='bbox 314 673 350 706; x_wconf 91' lang='lat' dir='ltr'>in</span> <span class='ocrx_word' id='word_1_97' title='bbox 363 673 491 717; x_wconf 78' lang='lat' dir='ltr'>jaculis</span> <span class='ocrx_word' id='word_1_98' title='bbox 508 678 543 706; x_wconf 84' lang='lat' dir='ltr'>et</span> <span class='ocrx_word' id='word_1_99' title='bbox 561 673 650 717; x_wconf 90' lang='lat' dir='ltr'>pelle</span> <span class='ocrx_word' id='word_1_100' title='bbox 668 673 856 717; x_wconf 80' lang='lat' dir='ltr'>Libystidis</span> <span class='ocrx_word' id='word_1_101' title='bbox 874 686 960 708; x_wconf 84' lang='lat' dir='ltr'>ursae</span> <span class='ocrx_word' id='word_1_102' title='bbox 975 688 984 717; x_wconf 85' lang='lat'>;</span> 
     </span>
     <span class='ocr_line' id='line_1_15' title="bbox 121 719 893 763; baseline 0.001 -11"><span class='ocrx_word' id='word_1_103' title='bbox 121 719 222 763; x_wconf 78' lang='lat' dir='ltr'>Troja</span> <span class='ocrx_word' id='word_1_104' title='bbox 240 720 382 753; x_wconf 87' lang='lat' dir='ltr'>Crimiso</span> <span class='ocrx_word' id='word_1_105' title='bbox 400 723 606 763; x_wconf 84' lang='lat' dir='ltr'>conceptum</span> <span class='ocrx_word' id='word_1_106' title='bbox 622 719 765 753; x_wconf 87' lang='lat' dir='ltr'>flumine</span> <span class='ocrx_word' id='word_1_107' title='bbox 782 724 893 753; x_wconf 81' lang='lat' dir='ltr'>mater</span> 
     </span>
     <span class='ocr_line' id='line_1_16' title="bbox 122 765 1156 811; baseline 0.004 -14"><span class='ocrx_word' id='word_1_108' title='bbox 122 766 232 806; x_wconf 79' lang='lat' dir='ltr'>Quem</span> <span class='ocrx_word' id='word_1_109' title='bbox 249 765 380 808; x_wconf 82' lang='lat' dir='ltr'>genuit.</span> <span class='ocrx_word' id='word_1_110' title='bbox 429 765 596 798; x_wconf 84' lang='lat' dir='ltr'>Veterum</span> <span class='ocrx_word' id='word_1_111' title='bbox 612 777 682 799; x_wconf 89' lang='lat' dir='ltr'>non</span> <span class='ocrx_word' id='word_1_112' title='bbox 699 765 877 799; x_wconf 80' lang='lat' dir='ltr'>immemor</span> <span class='ocrx_word' id='word_1_113' title='bbox 894 766 952 799; x_wconf 91' lang='lat' dir='ltr'>ille</span> <span class='ocrx_word' id='word_1_114' title='bbox 969 770 1156 811; x_wconf 80' lang='lat' dir='ltr'>parentum</span> 
     </span>
     <span class='ocr_line' id='line_1_17' title="bbox 122 811 1241 855; baseline 0.004 -12"><span class='ocrx_word' id='word_1_115' title='bbox 122 812 288 844; x_wconf 70' lang='lat' dir='ltr'>Gratatur</span> <span class='ocrx_word' id='word_1_116' title='bbox 305 811 456 854; x_wconf 82' lang='lat' dir='ltr'>reduces,</span> <span class='ocrx_word' id='word_1_117' title='bbox 474 815 508 844; x_wconf 91' lang='lat' dir='ltr'>et</span> <span class='ocrx_word' id='word_1_118' title='bbox 525 822 611 854; x_wconf 81' lang='lat' dir='ltr'>gaza</span> <span class='ocrx_word' id='word_1_119' title='bbox 627 811 728 844; x_wconf 85' lang='lat' dir='ltr'>laetus</span> <span class='ocrx_word' id='word_1_120' title='bbox 746 812 873 855; x_wconf 75' lang='lat' dir='ltr'>agresti</span> <span class='ocrx_word' id='word_1_121' title='bbox 1194 815 1241 847; x_wconf 89' lang='lat'>40</span> 
     </span>
     <span class='ocr_line' id='line_1_18' title="bbox 121 837 885 900; baseline 0.001 -11"><span class='ocrx_word' id='word_1_122' title='bbox 121 856 273 900; x_wconf 84' lang='lat' dir='ltr'>Excipit,</span> <span class='ocrx_word' id='word_1_123' title='bbox 291 868 331 890; x_wconf 84' lang='lat' dir='ltr'>ac</span> <span class='ocrx_word' id='word_1_124' title='bbox 347 837 456 890; x_wconf 64' lang='lat' dir='ltr'>fessos</span> <span class='ocrx_word' id='word_1_125' title='bbox 471 857 593 900; x_wconf 86' lang='lat' dir='ltr'>opibus</span> <span class='ocrx_word' id='word_1_126' title='bbox 611 857 741 890; x_wconf 73' lang='lat' dir='ltr'>solatur</span> <span class='ocrx_word' id='word_1_127' title='bbox 757 857 885 891; x_wconf 79' lang='lat' dir='ltr'>amicis</span> 
     </span>
     <span class='ocr_line' id='line_1_19' title="bbox 122 901 956 946; baseline 0.001 -11"><span class='ocrx_word' id='word_1_128' title='bbox 122 901 262 935; x_wconf 83' lang='lat' dir='ltr'>Postera</span> <span class='ocrx_word' id='word_1_129' title='bbox 280 914 388 946; x_wconf 92' lang='lat' dir='ltr'>quum</span> <span class='ocrx_word' id='word_1_130' title='bbox 405 902 515 946; x_wconf 77' lang='lat' dir='ltr'>plimo</span> <span class='ocrx_word' id='word_1_131' title='bbox 533 902 649 935; x_wconf 79' lang='lat' dir='ltr'>stellas</span> <span class='ocrx_word' id='word_1_132' title='bbox 667 902 797 936; x_wconf 77' lang='lat' dir='ltr'>cliente</span> <span class='ocrx_word' id='word_1_133' title='bbox 813 903 877 941; x_wconf 71' lang='lat' dir='ltr'>fuf·</span> <span class='ocrx_word' id='word_1_134' title='bbox 869 906 956 938; x_wconf 68' lang='lat' dir='ltr'>,arat</span> 
     </span>
     <span class='ocr_line' id='line_1_20' title="bbox 125 947 932 989; baseline 0 -8"><span class='ocrx_word' id='word_1_135' title='bbox 125 948 222 981; x_wconf 57' lang='lat' dir='ltr'>“lara</span> <span class='ocrx_word' id='word_1_136' title='bbox 239 948 320 989; x_wconf 85' lang='lat' dir='ltr'>dies,</span> <span class='ocrx_word' id='word_1_137' title='bbox 339 948 445 981; x_wconf 86' lang='lat' dir='ltr'>socios</span> <span class='ocrx_word' id='word_1_138' title='bbox 462 948 499 981; x_wconf 91' lang='lat' dir='ltr'>in</span> <span class='ocrx_word' id='word_1_139' title='bbox 516 952 644 981; x_wconf 87' lang='lat' dir='ltr'>coetum</span> <span class='ocrx_word' id='word_1_140' title='bbox 661 947 762 981; x_wconf 87' lang='lat' dir='ltr'>litore</span> <span class='ocrx_word' id='word_1_141' title='bbox 779 947 822 981; x_wconf 84' lang='lat' dir='ltr'>ab</span> <span class='ocrx_word' id='word_1_142' title='bbox 839 949 932 981; x_wconf 87' lang='lat' dir='ltr'>omni</span> 
     </span>
     <span class='ocr_line' id='line_1_21' title="bbox 122 993 984 1044; baseline 0.001 -18"><span class='ocrx_word' id='word_1_143' title='bbox 122 993 199 1027; x_wconf 87' lang='lat' dir='ltr'>Adv</span> <span class='ocrx_word' id='word_1_144' title='bbox 192 997 278 1027; x_wconf 81' lang='lat' dir='ltr'>ocat</span> <span class='ocrx_word' id='word_1_145' title='bbox 296 993 432 1036; x_wconf 78' lang='lat' dir='ltr'>AEneas‚</span> <span class='ocrx_word' id='word_1_146' title='bbox 450 994 647 1044; x_wconf 80' lang='lat' dir='ltr'>tumulique</span> <span class='ocrx_word' id='word_1_147' title='bbox 665 1005 708 1027; x_wconf 85' lang='lat' dir='ltr'>ex</span> <span class='ocrx_word' id='word_1_148' title='bbox 725 1005 849 1037; x_wconf 81' lang='lat' dir='ltr'>aggere</span> <span class='ocrx_word' id='word_1_149' title='bbox 867 994 984 1028; x_wconf 82' lang='lat' dir='ltr'>fatur:</span> 
     </span>
     <span class='ocr_line' id='line_1_22' title="bbox 165 1037 1141 1082; baseline 0.002 -12"><span class='ocrx_word' id='word_1_150' title='bbox 165 1039 183 1053; x_wconf 90' lang='lat'>“</span> <span class='ocrx_word' id='word_1_151' title='bbox 195 1037 383 1070; x_wconf 78' lang='lat' dir='ltr'>Daidanid-</span> <span class='ocrx_word' id='word_1_152' title='bbox 377 1049 406 1070; x_wconf 55' lang='grc' dir='ltr'>ιιι</span> <span class='ocrx_word' id='word_1_153' title='bbox 425 1039 554 1081; x_wconf 82' lang='lat' dir='ltr'>magni,</span> <span class='ocrx_word' id='word_1_154' title='bbox 573 1050 682 1081; x_wconf 85' lang='lat' dir='ltr'>genus</span> <span class='ocrx_word' id='word_1_155' title='bbox 700 1038 770 1071; x_wconf 85' lang='lat' dir='ltr'>alto</span> <span class='ocrx_word' id='word_1_156' title='bbox 787 1049 808 1070; x_wconf 84' lang='lat' dir='ltr'>a</span> <span class='ocrx_word' id='word_1_157' title='bbox 825 1037 994 1081; x_wconf 82' lang='lat' dir='ltr'>sanguine</span> <span class='ocrx_word' id='word_1_158' title='bbox 1010 1037 1141 1082; x_wconf 83' lang='lat' dir='ltr'>divum,</span> 
     </span>
     <span class='ocr_line' id='line_1_23' title="bbox 123 1065 938 1126; baseline 0 -12"><span class='ocrx_word' id='word_1_159' title='bbox 123 1085 270 1115; x_wconf 84' lang='lat' dir='ltr'>Annuus</span> <span class='ocrx_word' id='word_1_160' title='bbox 288 1082 419 1115; x_wconf 80' lang='lat' dir='ltr'>exactis</span> <span class='ocrx_word' id='word_1_161' title='bbox 437 1082 630 1125; x_wconf 84' lang='lat' dir='ltr'>completur</span> <span class='ocrx_word' id='word_1_162' title='bbox 646 1081 821 1115; x_wconf 88' lang='lat' dir='ltr'>mensibus</span> <span class='ocrx_word' id='word_1_163' title='bbox 838 1065 938 1126; x_wconf 82' lang='lat' dir='ltr'>orbis,</span> 
     </span>
     <span class='ocr_line' id='line_1_24' title="bbox 121 1127 899 1179; baseline 0 -19"><span class='ocrx_word' id='word_1_164' title='bbox 121 1127 176 1161; x_wconf 78' lang='lat' dir='ltr'>Ex</span> <span class='ocrx_word' id='word_1_165' title='bbox 194 1139 262 1171; x_wconf 87' lang='lat' dir='ltr'>quo</span> <span class='ocrx_word' id='word_1_166' title='bbox 279 1128 441 1171; x_wconf 72' lang='lat' dir='ltr'>ieliquias</span> <span class='ocrx_word' id='word_1_167' title='bbox 459 1128 638 1171; x_wconf 84' lang='lat' dir='ltr'>divinique</span> <span class='ocrx_word' id='word_1_168' title='bbox 655 1139 730 1161; x_wconf 81' lang='lat' dir='ltr'>ossa</span> <span class='ocrx_word' id='word_1_169' title='bbox 746 1128 899 1179; x_wconf 81' lang='lat' dir='ltr'>parentis</span> 
     </span>
     <span class='ocr_line' id='line_1_25' title="bbox 123 1173 1023 1217; baseline 0 -10"><span class='ocrx_word' id='word_1_170' title='bbox 123 1174 348 1207; x_wconf 85' lang='lat' dir='ltr'>Condidimus</span> <span class='ocrx_word' id='word_1_171' title='bbox 366 1177 467 1215; x_wconf 82' lang='lat' dir='ltr'>terra,</span> <span class='ocrx_word' id='word_1_172' title='bbox 485 1178 692 1217; x_wconf 84' lang='lat' dir='ltr'>maestasque</span> <span class='ocrx_word' id='word_1_173' title='bbox 710 1173 920 1207; x_wconf 79' lang='lat' dir='ltr'>sacravimus</span> <span class='ocrx_word' id='word_1_174' title='bbox 937 1185 1023 1207; x_wconf 82' lang='lat' dir='ltr'>aras.</span> 
     </span>
     <span class='ocr_line' id='line_1_26' title="bbox 122 1218 1141 1264; baseline 0.001 -12"><span class='ocrx_word' id='word_1_175' title='bbox 122 1220 273 1263; x_wconf 81' lang='lat' dir='ltr'>Jamque</span> <span class='ocrx_word' id='word_1_176' title='bbox 291 1219 373 1261; x_wconf 86' lang='lat' dir='ltr'>dies,</span> <span class='ocrx_word' id='word_1_177' title='bbox 390 1219 427 1252; x_wconf 88' lang='lat' dir='ltr'>ni</span> <span class='ocrx_word' id='word_1_178' title='bbox 443 1219 554 1261; x_wconf 70' lang='lat' dir='ltr'>fallor,</span> <span class='ocrx_word' id='word_1_179' title='bbox 573 1219 680 1261; x_wconf 84' lang='lat' dir='ltr'>adest,</span> <span class='ocrx_word' id='word_1_180' title='bbox 698 1230 800 1262; x_wconf 86' lang='lat' dir='ltr'>quem</span> <span class='ocrx_word' id='word_1_181' title='bbox 818 1230 952 1262; x_wconf 84' lang='lat' dir='ltr'>semper</span> <span class='ocrx_word' id='word_1_182' title='bbox 967 1218 1141 1264; x_wconf 85' lang='lat' dir='ltr'>acerbum,</span> 
     </span>
     <span class='ocr_line' id='line_1_27' title="bbox 122 1264 1240 1308; baseline 0.002 -10"><span class='ocrx_word' id='word_1_183' title='bbox 122 1265 264 1308; x_wconf 83' lang='lat' dir='ltr'>Semper</span> <span class='ocrx_word' id='word_1_184' title='bbox 280 1264 488 1298; x_wconf 80' lang='lat' dir='ltr'>honoratum</span> <span class='ocrx_word' id='word_1_185' title='bbox 507 1264 569 1308; x_wconf 90' lang='lat' dir='ltr'>(sic</span> <span class='ocrx_word' id='word_1_186' title='bbox 587 1264 622 1297; x_wconf 88' lang='lat' dir='ltr'>di</span> <span class='ocrx_word' id='word_1_187' title='bbox 639 1264 822 1306; x_wconf 79' lang='lat' dir='ltr'>voluistis),</span> <span class='ocrx_word' id='word_1_188' title='bbox 840 1264 981 1298; x_wconf 84' lang='lat' dir='ltr'>habebo.</span> <span class='ocrx_word' id='word_1_189' title='bbox 1194 1267 1240 1300; x_wconf 88' lang='grc'>50</span> 
     </span>
     <span class='ocr_line' id='line_1_28' title="bbox 125 1309 987 1354; baseline -0.001 -11"><span class='ocrx_word' id='word_1_190' title='bbox 125 1311 230 1343; x_wconf 86' lang='lat' dir='ltr'>Hune</span> <span class='ocrx_word' id='word_1_191' title='bbox 247 1321 320 1354; x_wconf 83' lang='lat' dir='ltr'>ego,</span> <span class='ocrx_word' id='word_1_192' title='bbox 339 1310 484 1343; x_wconf 78' lang='lat' dir='ltr'>Gaetulis</span> <span class='ocrx_word' id='word_1_193' title='bbox 501 1321 638 1353; x_wconf 84' lang='lat' dir='ltr'>agerem</span> <span class='ocrx_word' id='word_1_194' title='bbox 656 1310 684 1342; x_wconf 89' lang='lat' dir='ltr'>si</span> <span class='ocrx_word' id='word_1_195' title='bbox 701 1309 860 1353; x_wconf 82' lang='lat' dir='ltr'>Syrtibus</span> <span class='ocrx_word' id='word_1_196' title='bbox 878 1310 987 1354; x_wconf 82' lang='lat' dir='ltr'>exsul,</span> 
     </span>
     <span class='ocr_line' id='line_1_29' title="bbox 123 1354 984 1400; baseline 0 -11"><span class='ocrx_word' id='word_1_197' title='bbox 123 1357 171 1389; x_wconf 87' lang='grc' dir='ltr'>Αι</span> <span class='ocrx_word' id='word_1_198' title='bbox 174 1356 327 1400; x_wconf 83' lang='lat' dir='ltr'>golicove</span> <span class='ocrx_word' id='word_1_199' title='bbox 344 1356 431 1389; x_wconf 85' lang='lat' dir='ltr'>mari</span> <span class='ocrx_word' id='word_1_200' title='bbox 449 1355 646 1400; x_wconf 86' lang='lat' dir='ltr'>deprensus,</span> <span class='ocrx_word' id='word_1_201' title='bbox 664 1359 699 1388; x_wconf 89' lang='lat' dir='ltr'>et</span> <span class='ocrx_word' id='word_1_202' title='bbox 717 1354 800 1388; x_wconf 88' lang='lat' dir='ltr'>urbe</span> <span class='ocrx_word' id='word_1_203' title='bbox 817 1355 984 1400; x_wconf 82' lang='lat' dir='ltr'>Mycenae,</span> 
     </span>
     <span class='ocr_line' id='line_1_30' title="bbox 121 1401 1029 1446; baseline 0.001 -12"><span class='ocrx_word' id='word_1_204' title='bbox 121 1402 250 1435; x_wconf 86' lang='lat' dir='ltr'>Annua</span> <span class='ocrx_word' id='word_1_205' title='bbox 267 1406 348 1435; x_wconf 81' lang='lat' dir='ltr'>vota</span> <span class='ocrx_word' id='word_1_206' title='bbox 364 1406 482 1435; x_wconf 80' lang='lat' dir='ltr'>tamen</span> <span class='ocrx_word' id='word_1_207' title='bbox 500 1401 734 1445; x_wconf 84' lang='lat' dir='ltr'>solemnesque</span> <span class='ocrx_word' id='word_1_208' title='bbox 752 1401 870 1434; x_wconf 84' lang='lat' dir='ltr'>ordine</span> <span class='ocrx_word' id='word_1_209' title='bbox 887 1412 1029 1446; x_wconf 83' lang='lat' dir='ltr'>pompas</span> 
     </span>
     <span class='ocr_line' id='line_1_31' title="bbox 122 1447 953 1500; baseline -0.001 -20"><span class='ocrx_word' id='word_1_210' title='bbox 122 1447 345 1491; x_wconf 77' lang='lat' dir='ltr'>Exsequerer,</span> <span class='ocrx_word' id='word_1_211' title='bbox 364 1452 599 1500; x_wconf 78' lang='lat' dir='ltr'>strueiemque</span> <span class='ocrx_word' id='word_1_212' title='bbox 617 1447 687 1480; x_wconf 87' lang='lat' dir='ltr'>suis</span> <span class='ocrx_word' id='word_1_213' title='bbox 704 1447 829 1480; x_wconf 82' lang='lat' dir='ltr'>altaria</span> <span class='ocrx_word' id='word_1_214' title='bbox 846 1447 953 1481; x_wconf 84' lang='lat' dir='ltr'>donis.</span> 
     </span>
     <span class='ocr_line' id='line_1_32' title="bbox 122 1493 994 1537; baseline -0.001 -11"><span class='ocrx_word' id='word_1_215' title='bbox 122 1493 225 1526; x_wconf 86' lang='lat' dir='ltr'>Nunc</span> <span class='ocrx_word' id='word_1_216' title='bbox 241 1493 334 1526; x_wconf 87' lang='lat' dir='ltr'>ultro</span> <span class='ocrx_word' id='word_1_217' title='bbox 351 1493 395 1526; x_wconf 85' lang='lat' dir='ltr'>ad</span> <span class='ocrx_word' id='word_1_218' title='bbox 413 1493 544 1526; x_wconf 78' lang='lat' dir='ltr'>cineles</span> <span class='ocrx_word' id='word_1_219' title='bbox 562 1493 670 1537; x_wconf 85' lang='lat' dir='ltr'>ipsius</span> <span class='ocrx_word' id='word_1_220' title='bbox 687 1496 722 1526; x_wconf 90' lang='lat' dir='ltr'>et</span> <span class='ocrx_word' id='word_1_221' title='bbox 738 1504 813 1526; x_wconf 81' lang='lat' dir='ltr'>ossa</span> <span class='ocrx_word' id='word_1_222' title='bbox 830 1493 994 1536; x_wconf 88' lang='lat' dir='ltr'>parentis,</span> 
     </span>
     <span class='ocr_line' id='line_1_33' title="bbox 123 1538 1131 1583; baseline 0.001 -12"><span class='ocrx_word' id='word_1_223' title='bbox 123 1538 229 1571; x_wconf 73' lang='lat' dir='ltr'>Haud</span> <span class='ocrx_word' id='word_1_224' title='bbox 247 1539 406 1582; x_wconf 84' lang='lat' dir='ltr'>equidem</span> <span class='ocrx_word' id='word_1_225' title='bbox 424 1539 496 1571; x_wconf 90' lang='lat' dir='ltr'>sine</span> <span class='ocrx_word' id='word_1_226' title='bbox 514 1543 630 1571; x_wconf 85' lang='lat' dir='ltr'>mente</span> <span class='ocrx_word' id='word_1_227' title='bbox 647 1549 731 1581; x_wconf 86' lang='lat' dir='ltr'>reor,</span> <span class='ocrx_word' id='word_1_228' title='bbox 750 1539 823 1571; x_wconf 87' lang='lat' dir='ltr'>sine</span> <span class='ocrx_word' id='word_1_229' title='bbox 840 1538 984 1572; x_wconf 87' lang='lat' dir='ltr'>numine</span> <span class='ocrx_word' id='word_1_230' title='bbox 1000 1538 1131 1583; x_wconf 77' lang='lat' dir='ltr'>divum,</span> 
     </span>
     <span class='ocr_line' id='line_1_34' title="bbox 122 1584 963 1628; baseline 0 -11"><span class='ocrx_word' id='word_1_231' title='bbox 122 1584 308 1627; x_wconf 81' lang='lat' dir='ltr'>Adsumus,</span> <span class='ocrx_word' id='word_1_232' title='bbox 326 1588 361 1617; x_wconf 88' lang='lat' dir='ltr'>et</span> <span class='ocrx_word' id='word_1_233' title='bbox 378 1588 497 1628; x_wconf 85' lang='lat' dir='ltr'>portus</span> <span class='ocrx_word' id='word_1_234' title='bbox 515 1584 623 1617; x_wconf 73' lang='lat' dir='ltr'>delati</span> <span class='ocrx_word' id='word_1_235' title='bbox 640 1585 811 1617; x_wconf 83' lang='lat' dir='ltr'>intramus</span> <span class='ocrx_word' id='word_1_236' title='bbox 828 1584 963 1618; x_wconf 78' lang='lat' dir='ltr'>amicos.</span> 
     </span>
     <span class='ocr_line' id='line_1_35' title="bbox 121 1629 1091 1673; baseline 0 -11"><span class='ocrx_word' id='word_1_237' title='bbox 121 1629 212 1673; x_wconf 81' lang='lat' dir='ltr'>Ergo</span> <span class='ocrx_word' id='word_1_238' title='bbox 229 1630 332 1673; x_wconf 78' lang='lat' dir='ltr'>agite,</span> <span class='ocrx_word' id='word_1_239' title='bbox 350 1634 384 1662; x_wconf 86' lang='lat' dir='ltr'>et</span> <span class='ocrx_word' id='word_1_240' title='bbox 401 1630 523 1662; x_wconf 82' lang='lat' dir='ltr'>laetum</span> <span class='ocrx_word' id='word_1_241' title='bbox 540 1630 658 1663; x_wconf 88' lang='lat' dir='ltr'>cuncti</span> <span class='ocrx_word' id='word_1_242' title='bbox 675 1629 887 1663; x_wconf 87' lang='lat' dir='ltr'>celebremus</span> <span class='ocrx_word' id='word_1_243' title='bbox 904 1629 1068 1663; x_wconf 89' lang='lat' dir='ltr'>honorem</span> <span class='ocrx_word' id='word_1_244' title='bbox 1081 1642 1091 1671; x_wconf 83' lang='lat'>;</span> 
     </span>
     <span class='ocr_line' id='line_1_36' title="bbox 121 1674 1078 1719; baseline 0.001 -11"><span class='ocrx_word' id='word_1_245' title='bbox 121 1674 307 1708; x_wconf 82' lang='lat' dir='ltr'>Poscamus</span> <span class='ocrx_word' id='word_1_246' title='bbox 325 1680 445 1708; x_wconf 86' lang='lat' dir='ltr'>ventos</span> <span class='ocrx_word' id='word_1_247' title='bbox 460 1688 468 1714; x_wconf 91' lang='lat'>;</span> <span class='ocrx_word' id='word_1_248' title='bbox 493 1680 598 1719; x_wconf 82' lang='lat' dir='ltr'>atque</span> <span class='ocrx_word' id='word_1_249' title='bbox 615 1675 690 1708; x_wconf 83' lang='lat' dir='ltr'>haec</span> <span class='ocrx_word' id='word_1_250' title='bbox 707 1687 761 1708; x_wconf 91' lang='lat' dir='ltr'>me</span> <span class='ocrx_word' id='word_1_251' title='bbox 779 1686 875 1708; x_wconf 82' lang='lat' dir='ltr'>sacra</span> <span class='ocrx_word' id='word_1_252' title='bbox 891 1675 1078 1719; x_wconf 78' lang='lat' dir='ltr'>quotannis</span> 
     </span>
     <span class='ocr_line' id='line_1_37' title="bbox 122 1720 1241 1767; baseline 0.001 -13"><span class='ocrx_word' id='word_1_253' title='bbox 122 1720 215 1755; x_wconf 86' lang='lat' dir='ltr'>Urbe</span> <span class='ocrx_word' id='word_1_254' title='bbox 231 1721 317 1755; x_wconf 86' lang='lat' dir='ltr'>velit</span> <span class='ocrx_word' id='word_1_255' title='bbox 333 1721 446 1766; x_wconf 84' lang='lat' dir='ltr'>posita</span> <span class='ocrx_word' id='word_1_256' title='bbox 461 1721 601 1766; x_wconf 82' lang='lat' dir='ltr'>templis</span> <span class='ocrx_word' id='word_1_257' title='bbox 618 1721 684 1754; x_wconf 86' lang='lat' dir='ltr'>sibi</span> <span class='ocrx_word' id='word_1_258' title='bbox 699 1721 789 1755; x_wconf 87' lang='lat' dir='ltr'>ferre</span> <span class='ocrx_word' id='word_1_259' title='bbox 806 1721 940 1755; x_wconf 74' lang='lat' dir='ltr'>dicatis.</span> <span class='ocrx_word' id='word_1_260' title='bbox 1195 1723 1241 1767; x_wconf 81' lang='grc'>60</span> 
     </span>
    </p>
   </div>
   <div class='ocr_carea' id='block_1_3' title="bbox 1296 0 1343 1927">
    <p class='ocr_par' dir='ltr' id='par_1_3' title="bbox 1296 0 1343 1927">
     <span class='ocr_line' id='line_1_38' title="bbox 1296 0 1343 1927; baseline 0 0"><span class='ocrx_word' id='word_1_261' title='bbox 1296 0 1343 1927; x_wconf 95' lang='lat' dir='ltr'> </span> 
     </span>
    </p>
   </div>
  </div>
 </body>
</html>
