1345 1927
137 93 206 125 37⁰
448 90 483 124 P.
502 89 707 123 VIRGILII
731 90 850 124 MAR‘.
868 89 951 122 MS

141 150 246 196 “Quae
258 168 352 192 nunc
360 159 585 195 deindemora
593 161 665 195 est?
679 166 741 195 aut
749 160 830 204 quid
839 159 1054 203 jam‚Turne‚
1068 155 1254 194 retractas?

142 205 218 238 Non
234 216 348 247 cursu,
367 207 465 239 saevis
482 206 686 238 certandum
703 211 754 238 est
771 205 926 237 cominus
941 204 1055 236 armis.
1183 206 1250 235 ὅ9υ

142 251 246 285 Verte
262 261 380 284 omnes
396 257 468 284 tete
485 253 521 284 in
538 251 644 284 facies
659 263 666 291 ;
692 255 726 283 et
743 249 917 291 contrahe,
935 248 1105 292 quidquid

141 295 221 330 Sive
237 297 364 330 animis
381 298 452 330 sive
468 302 542 330 arte
559 296 652 330 vales
667 309 675 337 ;
699 301 781 339 opta
798 295 907 328 ardua
924 294 1046 338 pennis

144 344 249 375 Astra
266 343 372 386 sequi,
390 343 590 375 clausumve
608 353 695 374 cava
713 350 747 373 te
765 340 911 373 condere
928 339 1050 372 terra..”

142 387 209 420 Ille
227 394 334 432 caput
351 399 536 432 quassans:
564 389 581 404 “
594 387 672 419 Non
689 397 743 418 me
762 391 822 418 tua
839 385 973 418 fervida
989 386 1121 417 terrent

141 433 258 474 Dicta,
276 435 373 468 ferox
391 446 399 474 ;
424 434 461 466 di
476 444 532 466 me
549 438 689 471 terrent,
708 437 743 464 et
760 431 904 473 Jupiter
919 430 1060 464 hostis.”

143 478 215 511 Nec
231 479 333 522 plura
349 477 484 520 effatus,
501 487 625 510 saxum
642 476 877 519 circumspicit
893 475 1025 518 ingens,

143 524 275 557 Saxum
291 523 486 566 antiquum,
504 522 635 565 ingens,
653 532 774 564 campo
792 521 883 563 quod
899 521 988 554 forte
999 520 1148 564 jacebat,

144 569 257 602 Limes
274 579 356 612 agro
373 568 516 612 positus,
533 567 631 600 litem
648 571 689 600 ut
706 567 914 599 discerneret
930 567 1021 600 arvis
1035 579 1044 608 ;

146 615 215 647 Vix
233 614 321 647 illud
338 613 420 646 lecti
436 613 488 646 bis
505 624 565 646 sex
583 612 715 645 cervice
733 611 898 653 subirent,

147 660 271 701 Qualia
287 670 381 692 nunc
398 659 579 692 hominum
597 658 756 701 producit
774 668 914 701 corpora
930 657 1056 691 tellus:
1189 658 1258 690 900

147 706 211 738 Ille
229 717 335 738 manu
351 710 492 748 raptum
510 704 645 748 trepida
663 703 846 747 torquebat
863 703 899 735 in
916 702 1060 746 hostem,

146 751 260 784 Altior
276 751 467 794 insurgen3‚
485 755 520 783 et
537 761 641 782 cursu
659 749 812 782 concitus
830 748 937 782 heros.

146 796 214 830 Sed
230 807 342 840 neque
359 801 554 829 currentem
572 807 616 837 se,
633 806 696 827 nec
714 794 888 838 cognoscit
905 797 1056 836 euntem,

148 842 382 876 Tollentemve
397 853 503 874 manu
521 852 712 884 saxumque
730 841 880 872 immane
896 845 1092 872 moventem
1105 850 1114 874 :

148 888 270 921 Genua
286 887 407 920 labant
422 900 429 927 ;
454 887 589 930 gelidus
607 886 781 919 concrevit
798 885 924 928 frigore
941 885 1091 928 sanguis.

148 933 238 966 Tum
255 934 342 977 lapis
359 933 431 976 ipse
449 933 523 973 viri,
542 943 689 965 vacuum
706 943 767 975 per
784 931 887 963 inane
904 930 1053 973 volutus,

149 979 222 1012 Nec
239 979 393 1020 spatium
410 978 519 1011 evasit
536 984 661 1017 totum,
678 988 741 1009 nec
759 976 904 1020 pertulit
920 977 1040 1010 ictum.

149 1025 201 1058 Ac
216 1025 314 1058 velut
330 1025 367 1057 in
384 1024 521 1065 somnis,
538 1023 654 1056 oculos
671 1022 729 1055 ubi
747 1021 915 1065 languida
931 1022 1055 1065 pressit

150 1071 260 1105 Nocte
277 1070 383 1113 quies,
401 1069 638 1112 nequidquam
655 1068 772 1101 avidos
789 1067 975 1100 extendere
992 1078 1111 1101 cursus
1325 1087 1327 1098 2

152 1115 250 1148 Velle
267 1115 434 1157 videmur,
452 1119 488 1147 et
505 1115 541 1147 in
558 1114 681 1146 mediis
698 1113 878 1146 conatibus
895 1113 979 1156 aegri
1196 1113 1264 1145 910

151 1161 368 1195 Succidimus
383 1173 391 1201 ;
416 1171 485 1193 non
503 1160 624 1203 lingua
640 1159 742 1201 valet,
760 1170 829 1192 non
847 1169 985 1202 corpore
1001 1161 1093 1192 notae

152 1207 338 1240 Sufficiunt
354 1207 454 1248 vires,
471 1217 534 1239 nec
552 1217 618 1238 vox
636 1210 698 1238 aut
715 1205 819 1237 verba
836 1208 1050 1248 sequuntur:

152 1252 209 1286 Sic
226 1253 352 1295 Turno,
369 1262 588 1295 quacumque
604 1251 698 1283 viam
715 1250 846 1283 virtute
862 1250 997 1294 petivit,

153 1298 356 1331 Successum
373 1298 437 1330 dea
453 1297 528 1330 dira
544 1301 658 1339 negat.
707 1296 795 1328 'rum
812 1299 948 1340 pectore
966 1305 1084 1328 sensus

155 1343 350 1377 Vertuntur
366 1343 462 1376 varii.
514 1342 662 1375 Rutulos
679 1346 836 1385 aspectat
853 1346 888 1374 et
905 1340 1036 1383 urbem,

155 1389 416 1433 Cunctaturque
433 1393 539 1430 metu,
556 1388 733 1431 telumque
751 1388 879 1420 instare
896 1386 1064 1420 tremiscit
1078 1398 1087 1426 ς

154 1435 226 1468 Nec
245 1448 313 1481 quo
328 1446 362 1468 se
379 1434 513 1478 eripiat,
531 1445 594 1467 nec
613 1444 681 1476 qua
698 1433 732 1465 vi
749 1433 872 1466 tendat
887 1432 924 1464 in
941 1432 1084 1474 hostem,

155 1481 227 1513 Nec
244 1492 365 1513 currus
382 1491 527 1523 usquam
544 1479 649 1521 videt,
666 1479 865 1521 aurigamve
883 1488 1039 1512 sororem.

157 1526 345 1559 Cunctanti
361 1525 472 1559 telum
489 1525 615 1558 AEneas
631 1524 738 1558 fatale
755 1528 921 1565 coruscat,

158 1571 307 1604 Sortitus
322 1571 500 1604 fortunam
517 1570 625 1604 oculis
640 1583 648 1610 3
673 1575 707 1603 et
724 1580 863 1613 corpore
880 1573 952 1602 toto
1201 1569 1270 1601 920
1322 1571 1323 1574 ’

160 1617 303 1650 Eminus
321 1617 505 1660 intorquet.
554 1616 684 1649 Murali
701 1616 836 1648 concita
852 1625 1032 1658 nunquam

159 1662 342 1695 Tormento
360 1663 407 1695 sic
425 1673 509 1695 saxa
525 1662 689 1702 fremunt,
707 1672 769 1693 nec
786 1660 933 1693 fulmine
950 1659 1041 1693 tanti

160 1707 357 1741 Dissultant
374 1708 534 1751 crepitus.
584 1707 687 1739 Volat
705 1707 771 1739 atri
790 1706 937 1739 turbinis
955 1705 1065 1738 instar

160 1753 319 1786 Exitium
337 1754 451 1786 dirum
469 1754 569 1787 hasta
585 1753 707 1789 ferens.
725 1762 868 1796 orasque
883 1750 1034 1784 recludit
