1345 1927
106 43 174 75 204
411 39 448 74 P.
475 38 683 74 VIRGILII
710 38 926 73 MARONIS

107 106 324 150 Cocytusque
340 105 419 139 sinu
435 105 555 139 labens
572 105 801 139 circumvenit
818 108 902 139 atro.

109 151 208 193 Quod
226 151 255 185 si
271 155 392 185 tantus
408 162 504 185 amor
520 151 642 194 menti,
660 151 688 184 si
705 154 807 184 tanta
824 150 950 194 cupido
967 153 1019 186 est

108 197 168 230 Bis
185 196 322 241 Stygios
339 197 460 230 innare
478 197 583 240 lacus,
601 197 654 230 bis
670 197 772 239 nigra
789 196 905 230 videre

108 243 263 286 Tartara,
280 247 316 277 et
332 243 453 276 insano
464 244 570 286 juvat
586 242 768 286 indulgere
781 242 889 275 labori
905 254 913 283 ;

108 289 247 333 Accipe,
266 299 344 332 quae
361 288 559 332 peragenda
576 289 681 332 prius.
722 288 824 322 Latet
842 287 961 322 arbore
977 298 1085 332 opaca

109 334 245 368 Aureus
262 338 297 368 et
312 334 405 368 foliis
422 339 458 367 et
475 334 569 367 lento
587 334 717 367 vimine
733 345 859 377 ramus,

109 380 134 414 J
137 380 244 414 unoni
261 380 405 413 infernae
423 379 538 412 dictus
556 391 670 413 sacer:
696 380 791 413 hunc
810 379 898 423 tegit
916 379 1027 413 omnis

110 425 234 468 Lucus,
251 430 288 459 et
304 424 456 459 obscuris
473 425 644 458 claudunt
661 425 876 459 convallibus
893 425 1034 459 umbrae.

110 470 178 504 Sed
195 482 265 504 non
282 474 364 505 ante
381 471 486 504 datur
503 470 639 504 telluris
657 475 777 515 operta
794 470 918 513 subire,
1163 471 1230 503 140

110 517 312 550 Auricomos
329 527 435 560 quam
452 516 513 559 qui
530 516 738 560 decerpserit
755 516 874 549 arbore
891 517 993 550 fetus.

111 562 189 595 Hoc
205 562 270 595 sibi
287 561 435 606 pulchra
453 572 555 594 suum
573 562 656 594 ferri
674 561 880 605 Proserpina
896 573 1024 596 munus

112 607 283 641 Instituit.
333 607 450 640 Primo
467 606 586 640 avulso
604 618 673 640 non
691 607 809 640 deficit
825 607 914 641 alter

112 652 247 686 Aureus
269 665 277 694 3
302 657 338 686 et
356 652 461 685 simili
477 652 667 686 frondescit
684 653 783 696 virga
800 653 950 688 metallo.

112 698 205 742 Ergo
222 698 293 732 alte
310 698 445 741 vestiga
462 698 580 740 oculis,
599 702 634 732 et
651 699 717 731 rite
734 702 912 743 repertum

113 744 223 788 Carpe
239 755 348 778 manu
362 755 369 777 ε
394 754 545 787 namque
561 744 635 788 ipse
652 744 770 778 volens
787 744 969 789 facilisque
987 747 1162 789 sequetur,

113 790 150 824 Si
167 793 203 823 te
218 790 294 824 fata
311 792 436 823 vocant
453 802 459 823 :
485 789 595 831 ahter,
614 801 682 823 non
701 790 831 823 viribus
849 790 930 824 ullis

114 836 272 878 Vincere,
290 846 354 869 nec
371 835 457 868 duro
474 836 602 879 poteris
619 835 811 869 convellere
828 836 926 869 ferro.

115 881 287 915 Praeterea
299 882 395 924 jacet
411 881 613 914 exanimum
630 881 695 915 tibi
712 893 835 925 corpus
853 882 965 923 amici,

115 927 198 961 Heu
214 927 324 961 nescis
342 929 348 961 !
376 930 557 970 totamque
574 927 723 960 incestat
740 927 861 961 funere
879 928 1021 962 classem
1038 940 1046 968 ;
1169 928 1235 960 150

115 973 209 1006 Dum
226 972 385 1006 consulta
401 972 500 1016 petis,
517 976 701 1016 nostroque
718 973 754 1005 in
772 972 891 1006 limine
909 974 1046 1018 pendes.

116 1019 262 1053 Sedibus
279 1019 373 1051 hunc
389 1018 479 1051 refer
495 1022 578 1052 ante
595 1019 674 1061 suis,
693 1023 727 1052 et
745 1019 852 1052 conde
870 1020 1035 1063 sepulcro.

115 1065 194 1098 Duc
211 1065 329 1108 nigras
347 1064 494 1108 pecudes
513 1077 520 1105 3
545 1075 586 1097 ea
603 1064 715 1108 prima
731 1064 870 1108 piacula
888 1069 999 1099 sunto.

119 1108 173 1145 Sic
191 1111 331 1143 demum
348 1110 443 1143 lucos
460 1109 607 1153 Stygios,
625 1121 732 1153 regna
748 1110 844 1143 invia
861 1111 959 1154 vivis,

121 1152 305 1198 Aspicies.'’
353 1153 464 1195 Dixit,
482 1166 663 1198 pressoque
680 1155 856 1188 obmutuit
872 1165 938 1188 ore,

164 1199 291 1231 AEneas
308 1203 428 1232 maesto
445 1198 579 1231 defixus
596 1199 731 1232 lumina
747 1199 851 1232 vultu

121 1243 332 1287 Ingreditur,
349 1243 510 1287 linquens
527 1248 669 1278 antrum
687 1257 694 1285 ;
719 1255 893 1289 caecosque
910 1245 1048 1280 volutat

119 1290 276 1323 Eventus
293 1289 409 1323 animo
426 1301 552 1323 secum.
601 1290 665 1323 Cui
681 1290 772 1323 fidus
788 1290 940 1326 Achates

121 1336 157 1369 It
174 1346 297 1377 comes,
314 1338 350 1368 et
366 1335 508 1379 paribus
526 1335 617 1369 curis
635 1336 784 1379 vestigia
799 1336 887 1380 figit.

121 1381 238 1415 Multa
254 1381 346 1413 inter
363 1392 435 1414 sese
451 1381 546 1415 vario
564 1393 718 1415 sermone
735 1382 894 1416 serebant
908 1396 916 1424 ;
1170 1384 1238 1416 160

123 1428 234 1468 Quem
251 1426 382 1460 socium
399 1427 596 1460 exanimem
612 1432 719 1471 vates,
738 1428 829 1471 quod
847 1440 970 1473 corpus
985 1429 1204 1463 humandum

123 1473 271 1506 Diceret.
320 1471 436 1515 Atque
452 1472 505 1505 illi
523 1473 699 1507 Misenum
716 1474 753 1507 in
770 1473 870 1508 litore
887 1476 987 1519 sicco,

124 1519 173 1552 Ut
190 1529 322 1561 venere,
339 1518 460 1551 vident
476 1518 622 1562 indigna
638 1523 749 1553 morte
766 1524 1018 1564 peremtum,—

124 1564 300 1598 Misenum
316 1563 476 1597 AEoliden
490 1576 496 1597 :
523 1576 590 1608 quo
608 1577 677 1599 non
694 1567 914 1609 praestantior
929 1567 1019 1601 alter

124 1611 206 1644 AEre
222 1610 310 1642 ciere
329 1609 426 1652 viros,
444 1609 663 1655 Martemque
679 1612 866 1646 accendere
882 1617 999 1647 cantu.

126 1656 286 1688 Hectoris
303 1655 360 1687 hjc
376 1656 495 1698 magni
511 1656 626 1691 fuerat
644 1668 755 1691 comes
770 1670 778 1698 ;
804 1657 957 1693 Hectora
973 1659 1103 1692 circum

126 1701 172 1736 Et
188 1701 276 1736 lituo
293 1712 428 1746 pugnas
445 1701 590 1746 insignis
607 1703 726 1738 obibat
742 1707 777 1738 et
793 1704 903 1739 hasta.
