1345 1927
442 49 682 83 BUCOLICA.
723 49 817 82 ECL.
846 48 904 82 VI.
1198 52 1236 82 13

114 112 309 147 Reddemus
326 130 343 146 i
360 113 508 165 ymphis,
526 117 561 145 et
578 123 686 155 quum
702 111 927 144 lustrabimus
944 123 1052 155 agros.

112 158 232 193 Dum
217 171 306 204 Juga
321 160 448 192 montis
465 170 556 202 aper,
573 158 695 191 fluvios
713 157 796 190 dum
814 158 916 201 piscis
933 158 1026 190 amal
1028 158 1074 200 it,

111 204 273 249 Dumque
290 205 411 248 thymo
427 208 614 248 pascentur
631 215 722 247 apes,
740 203 824 236 dum
839 215 915 236 rore
932 204 1069 246 cicadae,

112 250 253 295 Semper
269 251 375 284 honos
392 261 585 293 nomenque
601 255 704 282 tuum
720 249 907 293 laudesque
923 249 1125 283 manebunt.

113 296 161 330 Ut
177 297 314 330 Baccho
331 296 522 339 Cererique,
540 295 605 328 tibi
622 296 670 328 sie
686 299 768 328 vota
784 295 968 339 quotannis

112 341 282 386 Agricolae
298 342 429 375 facient
442 354 452 382 ;
477 341 656 374 damnabis
673 345 714 374 tu
731 352 866 385 quoque
882 341 982 374 votis.
1192 342 1236 372 80

143 388 237 421 Mor.
263 388 348 429 Quae
366 387 439 430 tibi,
458 398 536 430 quae
553 387 617 420 tali
632 387 776 420 reddam
791 398 853 431 pro
870 387 1022 420 carmine
1039 386 1155 420 dona?

110 433 203 467 Nam
218 445 330 477 neque
345 445 400 467 me
417 438 558 466 tantum
574 433 744 466 vementis
763 433 882 466 sibilus
899 433 1019 475 austri,

111 478 183 512 Nec
199 491 361 524 percussa
371 481 501 523 juvant
517 479 629 512 fluctu
647 483 719 512 tam
736 479 847 522 litora,
864 490 928 512 nec
945 489 1022 522 quae

111 524 256 559 Saxosas
273 526 365 559 inter
381 525 570 558 decurrunt
586 525 733 558 flumina
749 525 866 558 valles.

141 571 239 605 Max.
265 572 342 605 Hac
359 576 394 604 te
411 583 472 604 nos
488 570 607 615 fragili
623 571 827 604 donabimus
845 574 927 604 ante
944 571 1068 605 cicuta.

111 616 197 650 Haec
215 629 286 661 nos,
304 618 506 650 Formosum
523 617 680 660 Corydon
697 617 841 650 ardebat
858 617 1011 649 Alexin:

111 662 196 696 Haec
213 664 335 697 eadem
351 663 479 705 docuit,
498 663 624 707 Cujum
640 674 745 707 pecus
760 662 771 695 2
797 674 842 696 an
858 662 1014 695 Meliboei
1028 662 1040 696 2

141 708 236 743 Mor.
261 709 310 742 At
326 714 367 742 tu
384 720 480 742 sume
496 709 635 753 pedum,
653 708 753 752 quod,
771 720 826 741 me
843 720 952 752 quum
969 720 1059 753 saepe
1076 712 1224 752 rogaret,

110 754 189 787 Non
205 755 290 788 tulit
306 755 505 797 Antigenes,
524 758 559 787 et
576 758 650 787 erat
667 759 744 787 tum
761 754 888 797 dig-nus
905 755 1024 798 amari,

110 800 311 834 Formosum
327 800 468 844 paribus
484 781 583 833 nodis
600 804 705 844 atque
722 811 798 843 aere,
816 800 987 834 Menalca.
1189 803 1234 834 90

408 896 589 930 ECLOGA
615 896 678 930 VI.
727 897 934 933 SILENUS.

111 979 238 1013 anA
256 978 432 1023 Syracosio
449 979 594 1023 dignata
611 984 662 1013 est
678 979 798 1013 ludere
815 991 916 1013 versu

110 1025 246 1069 Nostra,
262 1036 375 1069 neque
392 1025 532 1058 erubuit
549 1026 652 1059 silvas
669 1025 836 1068 habitare,
855 1026 988 1060 Thalia.

111 1071 227 1112 Quum
243 1082 400 1104 canerem
417 1082 514 1115 reges
530 1075 565 1104 et
582 1071 712 1116 proelia,
730 1072 902 1114 Cynthius
919 1083 1039 1104 aurem

110 1117 230 1161 vellit,
247 1121 282 1150 et
298 1116 500 1151 admonuit:
524 1117 542 1134 “
556 1117 743 1154 Pastorem,
762 1117 888 1160 Tityre,
906 1117 1053 1160 pingues

109 1162 253 1196 Pascere
270 1166 404 1207 oportet
421 1174 508 1205 oveS,
526 1162 717 1195 deductum
734 1162 846 1195 dicere
864 1161 1033 1195 carmen.”

109 1208 212 1242 Nunc
229 1220 292 1252 ego
310 1208 475 1253 (namque
493 1220 594 1252 super
611 1208 676 1241 tibi
693 1212 806 1251 erunt,
824 1208 885 1252 qui
903 1208 1015 1241 dicere
1032 1208 1162 1251 laudes,

110 1254 209 1297 Vare,
227 1258 306 1288 tuas
322 1255 475 1299 cupiant,
493 1259 528 1287 et
544 1254 659 1287 tristia
676 1254 820 1288 condere
839 1254 956 1296 bella,)

111 1300 291 1344 Agrestem
307 1301 407 1333 tenui
423 1299 615 1333 meditabor
631 1300 801 1333 arundine
818 1300 966 1333 Musam.

108 1345 142 1379 N
143 1357 188 1379 on
204 1346 336 1390 injussa
353 1357 447 1379 cano.
496 1345 532 1379 Si
549 1346 626 1390 quis
643 1350 761 1379 tamen
777 1345 852 1378 haee
869 1357 1014 1389 quoque,
1032 1346 1061 1379 si
1077 1346 1155 1390 quis

109 1391 240 1436 Captus
256 1399 371 1425 amore
388 1391 488 1435 leget,
507 1395 541 1425 te
558 1396 694 1432 nostrae,
711 1392 812 1434 Vare,
828 1392 979 1435 myricae,
1190 1393 1233 1424 10

108 1437 156 1470 Te
172 1449 295 1471 nemus
312 1449 412 1470 omne
429 1441 530 1470 canet
544 1450 553 1478 ;
577 1448 640 1470 nec
657 1437 786 1470 Phoebo
803 1437 934 1480 gratior
950 1437 1024 1470 ulla
1040 1441 1102 1480 est,

110 1483 222 1524 Quam
239 1483 305 1516 sibi
321 1495 398 1526 quae
416 1483 499 1516 Vari
516 1483 726 1527 praescripsit
742 1483 870 1527 pagina
886 1494 1021 1516 nomen.

155 1529 303 1572 Pergite,
321 1529 482 1562 Pierides.
531 1529 685 1562 Chromis
702 1533 737 1562 et
753 1528 935 1572 Mnasylus
951 1529 989 1562 in
1005 1539 1105 1562 antro

109 1574 267 1609 Silenum
282 1575 381 1619 pueri
399 1586 515 1608 somno
532 1575 648 1607 videre
660 1576 846 1619 jacentem,

109 1621 277 1654 Inflatum
293 1620 452 1653 hesterno
469 1632 583 1659 venas,
600 1624 642 1653 ut
659 1632 800 1664 semper,
819 1620 944 1653 Iaccho
959 1632 966 1654 :

109 1666 207 1700 Serta
223 1666 343 1710 procul
360 1670 501 1699 tantum
518 1666 625 1710 capiti
641 1666 781 1710 delapsa
793 1666 967 1710 jacebant,

109 1711 156 1745 Et
172 1712 286 1756 gravis
303 1713 426 1745 attrita
443 1712 616 1756 pendebat
633 1713 821 1746 cantharus
837 1723 932 1746 ansa.
