1345 1927
208 79 277 111 256
518 77 555 111 P.
583 77 786 111 VIRGILII
812 77 1026 113 MARONIS

209 145 256 177 At
275 154 397 188 specus
414 147 449 177 et
466 143 546 178 Caci
563 145 701 178 detecta
717 145 881 189 apparuit
898 145 1021 188 ingens

208 189 327 232 Regia,
347 194 383 222 et
399 189 568 224 umbrosae
585 191 725 234 penitus
743 195 887 234 patuere
904 201 1079 225 cavernae:

207 234 240 268 N
243 246 287 268 on
304 246 400 268 secus
417 246 458 268 ac
475 236 504 268 si
521 247 590 279 qua
607 236 746 279 penitus
764 236 798 269 vi
816 240 908 269 terra
925 235 1106 270 dehiscens

207 280 368 314 Infernas
384 285 511 314 reseret
528 281 633 324 sedes,
652 286 686 314 et
703 292 810 325 regna
827 281 984 314 recludat

208 325 354 369 Palh'da,
372 326 424 359 dis
441 327 572 367 invisa;
598 338 767 371 superque
784 327 935 360 immane
953 327 1157 361 barathrum

208 371 387 414 Cematur,
405 372 649 416 trepidentque
668 373 820 405 immisso
838 372 969 405 lumine
986 384 1114 407 manes.

206 416 298 461 Ergo
314 417 490 461 insperata
508 417 716 461 deprensum
733 418 770 450 in
787 417 864 450 luce
880 422 1034 461 repente,

206 462 455 506 Inclusumque
473 473 556 496 cavo
573 474 665 505 saxo,
683 467 788 506 atque
806 464 944 496 insueta
960 463 1154 507 rudentem,

205 507 362 552 Desuper
379 507 518 541 Alcides
534 507 613 541 telis
631 509 768 560 premit,
786 509 970 552 omniaque
987 520 1084 542 arma

206 552 374 596 Advocat,
391 557 426 586 et
443 553 546 586 ramis
564 554 740 604 vastisque
756 553 943 587 molaribus
960 554 1078 588 instat.
1257 557 1325 590 250

207 598 273 631 Ille
290 579 418 641 autem,
435 609 548 641 neque
565 598 659 631 enim
674 599 786 641 fuga
771 610 847 641 Jam
864 610 966 642 super
983 600 1056 632 ulla
1073 600 1203 644 pericli,

205 643 380 677 Faucibus
397 644 576 687 ingentem
592 643 741 686 fumum,
759 643 917 677 mirabile
934 645 1042 688 dictu,

205 688 354 731 Evomit,
372 689 589 733 involvitque
606 689 748 722 domum
765 689 914 732 caligine
932 701 1033 732 caeca,

206 733 431 778 Prospectum
448 734 596 778 eripiens
613 734 744 768 oculis·
736 761 744 776 ,
769 734 1008 779 glomeratque
1025 735 1088 769 sub
1104 740 1205 770 antro

204 779 418 813 Fumiferam
435 784 571 813 noctem
588 780 786 813 commixtis
803 780 884 823 igne
901 780 1061 815 tenebris.

203 825 238 858 N
239 836 283 858 on
299 825 384 858 tulit
402 825 539 858 Alcides
556 826 691 868 animis,
709 837 812 869 seque
829 826 902 869 ipse
920 837 982 870 per
999 827 1117 870 ignem

202 870 381 914 Praecipiti
399 871 518 914 injecit
536 871 637 914 saltu,
656 882 725 914 qua
742 871 913 914 plurimus
930 872 1063 905 undam

202 914 334 949 Fumus
351 916 435 959 agit,
453 916 650 960 nebulaque
666 917 788 959 ingens
807 927 928 960 specus
946 921 1073 950 aestuat
1089 920 1176 952 atra.

203 961 272 994 Hic
290 962 418 995 Cacum
434 961 472 994 in
490 961 639 995 tenebris
656 961 819 994 incendia
835 973 927 995 vana
944 967 1141 996 vomentem

202 1006 351 1051 Corripit
368 1007 405 1039 in
422 1007 553 1040 nodum
570 1007 781 1051 complexus,
799 1011 834 1039 et
851 1007 952 1050 angit
969 1007 1143 1041 inhaerens
1255 1010 1323 1042 260

201 1052 312 1085 Elisos
330 1052 454 1095 oculos,
473 1057 508 1085 et
525 1052 656 1085 siccum
673 1052 842 1095 sanguine
858 1057 993 1096 guttur.

202 1097 375 1130 Panditur
392 1098 567 1142 extemplo
583 1097 716 1131 foribus
734 1098 856 1130 domus
873 1102 950 1132 atra
966 1098 1122 1142 revulsis,

203 1142 465 1186 Abstractaeque
482 1143 584 1176 boves
601 1143 839 1186 abjurataeque
855 1144 986 1187 rapinae

202 1188 293 1221 Goelo
311 1188 551 1231 ostenduntur,
569 1189 785 1232 pedibusque
802 1188 948 1222 informe
965 1189 1112 1223 cadaver

202 1234 430 1267 Protrahitur.
480 1234 669 1278 Nequeunt
686 1233 819 1277 expleri
836 1234 939 1268 corda
955 1235 1086 1268 tuendo

201 1278 383 1313 Terribiles
400 1279 524 1322 oculos,
542 1279 690 1322 vultum,
708 1279 899 1322 villosaque
916 1280 1008 1313 saetis

201 1325 346 1358 Pectora
363 1325 523 1368 semiferi,
541 1329 646 1369 atque
664 1325 853 1358 exstinctos
869 1325 1030 1358 faucibus
1046 1325 1153 1370 ignes.

198 1370 253 1403 Ex
270 1370 330 1404 illo
347 1370 538 1404 celebratus
554 1371 671 1414 honos,
689 1371 830 1414 laetique
847 1371 996 1404 minores

199 1415 385 1450 Servavere
402 1416 504 1460 diem,
522 1417 722 1460 primusque
740 1416 890 1449 Potitius
907 1420 1039 1469 auctor,

199 1461 246 1494 Et
263 1461 385 1495 domus
404 1443 568 1495 Herc'ulei
586 1466 699 1495 custos
717 1461 859 1495 Pinaria
876 1462 973 1496 sacri.
1253 1463 1321 1497 270

198 1506 318 1551 [Hanc
335 1518 429 1540 aram
446 1507 523 1540 luco
541 1508 676 1551 statuit,
694 1518 769 1551 quae
787 1507 946 1541 Maxima
962 1519 997 1541 se
1060 1518 1096 1541 er

198 1552 344 1586 Dicetur
360 1552 467 1595 nobis,
485 1557 520 1586 et
537 1553 603 1586 erit
620 1564 696 1597 quae
712 1553 867 1586 maxima
884 1519 1058 1597 semper.]p

199 1598 313 1638 Quare
331 1598 435 1641 agite,
452 1609 472 1631 o
483 1599 640 1642 juvenes,
658 1599 863 1632 tantarum
854 1611 891 1631 m
908 1610 1050 1632 munere
1066 1598 1212 1632 laudum

198 1643 335 1686 Cingite
351 1643 472 1677 fronde
490 1655 612 1686 comas,
630 1649 665 1678 et
682 1644 807 1688 pocula
824 1644 960 1688 porgite
977 1644 1119 1687 dextris,

198 1688 492 1733 Communemque
508 1671 628 1723 vocat'e
645 1690 759 1733 deum,
777 1694 812 1723 et
829 1690 911 1724 date
927 1689 1010 1724 vina
1026 1689 1212 1724 volentesl’

194 1732 365 1768 Dixerat:
393 1734 568 1769 Herculea
583 1735 712 1770 bicolor
728 1747 838 1780 quum
854 1735 1004 1780 populus
1020 1734 1146 1769 umbra
