1320 1932
379 58 596 92 AENEIDOS
626 57 715 91 LIB.
742 57 845 110 VIIJ.
901 100 904 102 v

57 125 160 159 Illam
175 126 268 158 inter
285 125 393 158 caedes
410 125 599 168 pallentem
615 127 725 156 morte
742 123 863 156 futura

57 171 198 204 Fecerat
214 170 411 214 ignipotens
428 169 530 202 undis
546 172 582 202 et
600 169 731 212 Iapyge
747 168 830 201 ferri
844 180 853 209 ;

56 216 183 249 Contra
199 220 317 249 autem
333 226 459 258 magno
475 218 674 247 maerentem
691 225 830 257 corpore
846 214 976 257 Nilum,

55 261 338 304 Pandentemque
355 261 459 302 sinus,
477 263 512 293 et
529 263 603 292 tota
620 263 714 293 veste
730 264 911 292 vocantem

55 306 248 340 Caeruleum
264 306 302 338 in
318 306 489 349 gremium
505 304 743 348 latebrosaque
759 305 905 338 flumina
922 305 1039 339 victos.

55 353 102 385 At
118 352 240 392 Caesar,
258 351 388 394 triplici
404 351 562 383 invectus
581 351 736 383 Romana
753 350 930 394 triumpho

54 397 193 440 Moenia,
211 397 263 429 dis
282 396 382 430 Italis
399 399 520 429 votum
537 395 731 428 immortale
748 395 914 438 sacrabat,

54 442 211 475 Maxima
228 446 423 475 tercentum
440 445 551 474 totam
568 440 711 474 delubra
727 452 788 485 per
805 441 943 475 Urbem.

54 488 192 520 Laetitia
207 487 368 530 ludisque
384 487 449 519 viae
466 487 658 530 plausuque
675 485 868 520 fremebant
882 500 891 527 ;

54 533 222 566 Omnibus
238 533 276 565 in
292 532 431 576 templis
448 537 601 565 matrum
618 532 750 575 chorus,
769 532 927 566 omnibus
944 543 1011 566 arae
1026 544 1035 573 ς

53 578 146 611 Ante
162 589 239 612 aras
255 582 383 611 terram
400 578 478 610 caesi
496 582 646 611 stravere
659 578 810 620 juvenci.

55 623 135 668 Ipse
152 624 271 657 sedens
288 623 388 656 niveo
406 623 585 656 candentis
602 623 723 656 limine
740 623 862 656 Phoebi

53 669 154 702 Dona
168 669 382 712 recognoscit
398 669 616 712 populorum,
634 672 804 712 aptatque
821 668 975 713 superbis

53 714 214 747 Postibus
228 727 236 755 3
261 714 428 747 incedunt
445 714 547 747 victae
563 713 666 756 longo
683 714 801 747 ordine
817 718 947 757 gentes,

53 760 165 800 Quam
182 759 286 793 variae
304 759 442 802 linguis,
460 759 584 792 habitu
601 762 674 792 tam
691 759 795 792 vestis
813 764 848 792 et
864 760 977 793 armis.

53 804 121 838 Hic
138 805 336 838 Nomadum
351 815 461 847 genus
478 808 513 837 et
530 804 714 837 discinctos
732 804 904 837 Mulciber
921 805 1032 849 Afros,

52 850 121 883 Hic
139 850 280 893 Lelegas
298 850 468 892 Carasque
486 849 765 893 sagittiferosque
783 850 928 884 Gelonos

51 895 79 928 F
82 896 219 929 inxerat
233 907 239 929 :
265 895 460 939 Euphrates
477 894 550 928 ibat
562 896 637 938 jam
653 895 789 928 mollior
805 896 918 938 undis,

50 940 276 984 Extremique
293 941 474 973 hominum
490 941 628 984 Morini,
647 940 858 985 Rhenusque
874 940 1021 975 bicornis
1035 954 1044 983 ;

52 986 286 1030 Indomitique
302 986 420 1028 Dahae,
438 990 472 1019 et
489 992 630 1030 pontem
646 987 849 1029 indignatus
866 987 1006 1021 Araxes

50 1031 148 1064 Talia
163 1044 224 1076 per
241 1032 390 1076 clipeum
409 1032 559 1065 Vulcani
577 1032 667 1065 dona
682 1033 836 1075 parentis

50 1076 210 1120 Miratur,
226 1088 411 1121 rerumque
428 1078 570 1121 ignarus
587 1078 740 1121 imagine
757 1078 897 1121 gaudet,

49 1122 223 1156 Attollens
239 1123 382 1157 humero
399 1123 597 1167 famamque
614 1128 649 1157 et
665 1124 740 1157 fata
756 1128 931 1168 nepotiun.

1105 58 1171 89 269

1107 171 1171 202 710

1103 623 1170 657 720

1102 1080 1167 1113 730
