1330 1932
407 96 626 131 AENEIDOS
651 97 737 131 LIB.
764 98 845 132 VH.
1116 104 1183 137 235

69 162 147 195 Non
164 162 305 196 dabitur
319 165 444 207 regnis,
462 168 543 208 esto,
561 165 741 209 prohibere
758 165 901 208 Latinis,

67 207 183 251 Atque
200 208 343 242 immota
359 214 478 243 manet
494 211 576 243 fatis
593 211 739 244 Lavinia
756 212 885 254 conjux
900 223 907 245 :

67 252 115 285 At
131 253 276 296 trahere,
293 258 398 298 atque
414 266 526 288 moras
544 256 652 289 tantis
669 256 750 289 licet
767 257 892 289 addere
908 257 1009 290 rebus
1024 270 1033 298 ;

67 296 116 330 At
132 297 214 331 licet
230 299 410 333 amborum
426 301 570 344 populos
587 301 787 334 exscindere
803 313 934 344 regum.

65 341 143 375 Hac
159 354 264 386 gener
280 348 385 388 atque
403 356 496 378 socer
512 347 637 379 coeant
653 347 809 380 mercede
826 358 975 381 suorum.

64 386 241 430 Sanguine
258 389 404 433 Trojano
421 394 456 423 et
473 391 603 424 Rutulo
621 391 791 434 dotabere,
809 392 906 435 virgo
920 404 926 426 :

63 431 109 465 Et
125 433 269 467 Bellona
284 439 403 469 manet
419 440 454 469 te
470 436 636 480 pronuba.
684 437 718 470 N
719 448 757 470 ec
772 438 848 470 face
866 441 1007 471 tantum

63 476 185 511 Cisseis
202 490 385 522 praegnans
402 481 499 524 ignes
517 482 620 515 enixa
631 482 769 525 jugales
783 494 789 515 :
1109 488 1176 519 320

63 521 155 562 Quin
170 523 263 557 idem
280 525 406 559 Veneri
423 531 544 570 partus
562 539 653 570 suus,
672 532 706 560 et
723 528 820 561 Paris
838 527 934 570 alter,

60 566 289 612 Funestaeque
305 571 433 604 iterum
449 573 602 606 recidiva
618 573 655 605 in
673 573 841 616 Pergama
858 574 988 608 taedae.”

107 613 192 646 Haec
210 615 270 648 ubi
287 615 382 650 dicta
399 617 505 660 dedit,
524 622 631 651 terras
649 618 818 651 horrenda
835 619 971 662 petivit.

59 656 265 693 Luctificam
282 661 417 695 Allecto
434 662 598 696 Dirarum
614 663 658 696 ab
676 664 754 696 sede
771 675 923 696 sororum

59 702 277 748 Infernisque
296 707 364 740 ciet
381 708 531 741 tenebris
546 720 552 741 ε
578 709 635 742 cui
653 709 767 742 tristia
783 709 884 751 bella,

57 747 200 792 Iraeque,
217 751 431 796 insidiaeque,
449 757 484 786 et
501 754 646 787 crimina
662 755 768 786 noxia
784 754 888 787 cordi.

59 793 141 827 Odit
158 799 193 828 et
209 795 282 839 ipse
299 802 398 840 pater
414 798 553 841 Pluton,
572 799 672 832 odere
690 810 817 832 sorores

55 837 226 873 Tartareae
242 846 436 876 monstrum
450 855 457 876 :
482 847 535 876 tot
552 855 623 877 sese
639 844 746 877 vertit
762 844 799 876 in
816 855 885 887 ora,

54 882 140 917 Tam
157 896 255 919 saevae
271 887 388 930 facies,
405 892 458 921 tot
474 889 627 932 pullulat
644 894 720 923 atra
737 889 896 923 colubris.

54 928 166 970 Quam
182 931 208 964 J
210 943 278 964 uno
295 932 349 966 his
365 934 461 966 acuit
478 934 599 977 verbis,
617 946 656 968 ac
676 935 759 968 talia
775 935 871 968 fatur
885 946 892 968 ε
1102 941 1169 971 330

58 975 77 992 “
91 974 196 1007 Hunc
213 975 301 1008 mihi
318 977 363 1010 da
378 978 566 1021 proprium,
584 980 682 1021 virgo
700 983 774 1012 sata
793 980 912 1020 Nocte,
930 978 1091 1022 laborem,

52 1017 154 1052 Hanc
171 1031 319 1064 operam,
337 1032 380 1054 ne
396 1025 512 1055 noster
528 1022 635 1055 honos
651 1021 843 1054 infractave
860 1021 961 1055 cedat

51 1062 159 1098 Fama
175 1065 248 1098 loco
262 1078 271 1106 3
295 1077 365 1099 neu
381 1067 562 1100 connubiis
578 1067 709 1100 ambire
726 1067 894 1100 Latinum

50 1108 214 1143 AEneadae
231 1111 372 1154 possint,
390 1112 541 1145 Italosve
558 1113 711 1146 obsidere
726 1112 821 1145 fines.

50 1153 103 1187 Tu
118 1160 215 1199 potes
232 1157 414 1190 unanimos
431 1168 564 1191 armare
579 1158 617 1190 in
634 1158 755 1202 proelia
771 1158 905 1200 fratres,

48 1199 165 1244 Atque
181 1201 268 1234 odiis
285 1214 418 1236 versare
435 1203 552 1236 domos
566 1216 575 1244 3
599 1208 641 1236 tu
657 1203 798 1237 verbera
814 1203 916 1236 tectis

48 1244 293 1290 Funereasque
309 1247 436 1281 inferre
452 1248 544 1280 faces
558 1260 567 1289 ;
592 1249 657 1281 tibi
673 1249 814 1281 nomina
829 1248 936 1291 mille,

48 1289 148 1324 Mffle
164 1293 311 1325 nocendi
327 1296 428 1326 artes.
476 1293 681 1326 Fecundum
697 1296 842 1326 concute
858 1297 989 1336 pectus

47 1335 176 1379 Disjice
193 1338 418 1381 compositam
434 1349 565 1382 pacem,
583 1350 655 1372 sere
672 1339 817 1371 crimina
834 1338 915 1371 belli
930 1351 938 1379 3

46 1381 154 1415 Arma
170 1382 256 1416 velit
273 1387 460 1427 poscatque
477 1384 590 1426 simul,
607 1384 790 1428 rapiatque
801 1381 999 1427 juventus?
1093 1386 1162 1418 340

93 1427 188 1460 Exin
206 1428 392 1471 Gorgoneis
409 1429 544 1462 Allecto
560 1429 691 1462 infecta
707 1429 848 1462 venenis

46 1470 222 1516 Principio
239 1473 381 1507 Latium
398 1478 434 1507 et
451 1474 634 1508 Laurentis
651 1479 745 1508 tecta
761 1474 903 1518 tyranni

47 1517 144 1550 Celsa
160 1518 259 1561 petit,
277 1519 494 1563 tacitumque
511 1519 645 1554 obsedit
662 1520 769 1553 limen
785 1520 932 1562 Amatae,

46 1561 159 1603 Quam
175 1575 278 1608 super
294 1565 449 1598 adventu
466 1566 636 1599 Teucrum
652 1566 830 1609 Turnique
845 1564 1035 1609 hymenaeis

45 1606 216 1641 Femineae
233 1609 413 1644 ardentem
430 1621 590 1654 curaeque
605 1611 734 1654 iraeque
750 1611 954 1654 coquebant.

45 1651 140 1686 Huic
156 1654 220 1687 dea
237 1656 392 1689 caeruleis
409 1668 518 1689 unum
535 1657 577 1690 de
594 1657 747 1690 crinibus
763 1667 915 1700 anguem

45 1697 201 1742 Oonjicit,
218 1699 323 1744 inque
340 1701 455 1734 sinum
472 1702 660 1746 praecordia
675 1702 720 1735 ad
737 1702 862 1735 intima
879 1700 1008 1744 subdit,

44 1742 120 1784 Quo
135 1744 325 1779 furibunda
341 1746 483 1780 domum
498 1751 651 1781 monstro
667 1747 872 1792 permisceat
889 1757 1036 1780 omnem.
