1320 1932
431 73 649 107 AENEIDOS
674 74 760 107 LIB.
787 74 847 108 XI.
1130 76 1198 108 323

79 141 146 174 Per
163 140 265 173 silvas
283 140 415 183 Teucri,
432 141 605 184 mixtique
622 141 765 184 impune
783 141 911 184 Latini,

79 187 245 220 Erravere
257 186 363 229 jugis
412 186 515 219 Ferro
533 190 632 219 sonat
648 186 719 219 icta
736 186 879 229 bipenni

80 231 252 265 Fraxinus
268 243 276 272 3
301 235 465 264 evertunt
481 236 576 264 actas
593 231 637 264 ad
655 231 767 264 sidera
783 231 886 275 pinus
902 244 910 271 ;

80 277 214 310 Robora
230 288 294 309 nec
311 277 429 310 cuneis
446 281 480 310 et
498 277 648 310 olentem
666 277 820 309 scindere
837 277 988 319 cedrum,

77 322 111 356 N
113 334 150 356 ec
167 322 332 366 plaustris
349 327 483 355 cessant
500 327 637 355 vectare
655 322 873 365 gementibus
891 333 998 355 ornos

124 368 171 400 Et
183 369 257 411 jam
276 368 383 400 Fama
399 368 528 410 volans,
547 368 639 401 tanti
656 368 857 411 praenuncia
874 368 999 407 luctus,

79 413 282 446 Evandrum
299 413 520 456 Evandrique
538 413 654 446 domos
672 418 707 446 et
723 413 850 446 moenia
868 413 1026 457 complet,
1130 415 1196 446 140

80 459 165 500 Quae
182 459 282 491 modo
299 459 465 491 victorem
482 458 580 491 Latio
599 459 763 492 Pallanta
779 458 920 492 ferebat.

79 504 229 537 Arcades
243 505 286 537 ad
304 509 419 548 portas
432 515 542 547 ruere,
560 508 595 537 et
613 505 655 537 de
673 516 766 537 more
783 509 921 537 vetusto

79 550 253 583 Funereas
271 561 416 593 rapuere
431 550 534 583 faces.
583 550 692 583 Lucet
709 550 766 582 via
782 550 885 592 longo

81 595 210 628 Ordine
226 594 455 637 flammarum,
474 600 509 627 et
525 595 596 628 late
613 596 829 628 discriminat
846 606 954 637 agros.

81 641 208 674 Contra
224 640 327 673 turba
344 640 523 684 Phrygum
540 641 681 673 veniens
699 641 902 684 plangentia
914 642 1072 684 jungunt

80 686 241 729 Agmina.
290 686 374 727 Quae
392 690 575 729 postquam
592 691 719 719 matres
737 686 916 718 succedere
934 687 1036 719 tectis

81 731 264 773 Viderunt,
280 736 439 764 maestam
456 731 649 764 incendunt
666 730 872 764 clamoribus
890 731 1019 765 urbem.

81 777 129 810 At
145 788 215 809 non
232 777 432 809 Evandrum
451 776 541 820 potis
558 781 610 809 est
626 777 677 810 vis
695 777 768 809 ulla
784 781 900 809 tenere
916 789 924 817 ;

81 822 147 856 Sed
165 822 261 855 venit
277 823 314 855 in
331 822 469 855 medios.
518 822 657 855 Feretro
676 822 837 855 Pallanta
853 826 989 866 reposto

81 868 272 900 Procubuit
280 879 390 912 super,
398 872 501 911 atque
514 868 622 900 haeret
632 867 885 911 lacrimansque
896 879 1114 911 gemensque,
1130 869 1196 900 150

81 913 127 946 Et
145 914 202 946 via
218 913 277 945 vix
295 913 437 946 tandem
454 913 529 945 voci
546 913 666 946 laxata
683 913 797 946 dolore
815 918 866 946 est
881 925 887 946 :

84 958 101 974 “
116 957 148 990 N
151 969 194 990 on
210 957 293 999 haec,
311 969 331 991 0
349 958 456 997 Palla,
475 958 616 991 dederas
635 958 802 1001 promissa
820 957 970 1000 parenti.

82 1003 226 1036 Cautius
243 1008 283 1036 ut
301 1015 388 1037 saevo
404 1003 509 1036 velles
526 1007 561 1035 te
579 1003 715 1036 credere
732 1002 839 1035 Marti
854 1005 860 1037 Ξ

83 1049 190 1082 Haud
206 1049 348 1092 ignarus
365 1060 468 1091 eram,
486 1052 657 1092 quantum
673 1059 763 1081 nova
780 1048 889 1091 gloria
905 1048 942 1081 in
960 1048 1072 1091 armis,

82 1094 129 1127 Et
146 1095 318 1138 praedulce
335 1095 439 1127 decus
456 1094 566 1137 primo
584 1094 771 1127 certamine
788 1099 911 1137 posset.

83 1140 250 1173 Primitiae
263 1140 402 1183 juvenis
418 1140 550 1172 miserae
566 1140 572 1172 ἔ
599 1139 749 1183 bellique
766 1140 952 1183 propinqui

83 1185 180 1219 Dura
196 1185 395 1218 rudimenta
409 1187 415 1218 1
443 1189 478 1218 et
494 1184 583 1218 nulli
600 1185 766 1218 exaudita
783 1185 924 1218 deorum

84 1231 175 1264 Vota
191 1228 376 1275 precesque
392 1242 476 1264 meae
491 1232 497 1264 Ξ
525 1235 644 1274 tuque,
662 1242 680 1263 o
698 1230 913 1263 sanctissima
930 1231 1066 1274 conjux,

83 1277 184 1310 Felix
201 1281 311 1310 morte
328 1281 399 1319 tua,
416 1288 528 1319 neque
546 1276 582 1308 in
598 1276 692 1309 hunc
709 1280 844 1309 servata
860 1276 1011 1309 dolorem
1026 1277 1032 1309 !

84 1322 211 1355 Contra
228 1333 290 1365 ego
307 1322 454 1355 vivendo
472 1322 538 1355 vici
556 1333 633 1354 mea
648 1321 732 1363 fata,
750 1326 921 1365 superstes
1131 1323 1197 1354 160

84 1367 263 1401 Restarem
280 1372 321 1401 ut
338 1368 481 1411 genitor.
529 1367 656 1400 Troum
673 1367 762 1399 socia
779 1378 874 1399 arma
891 1370 1048 1400 secutum

84 1413 278 1447 Obruerent
296 1413 420 1446 Rutuli
436 1413 535 1446 telis.
530 1414 535 1435 ¹
563 1413 716 1446 animam
732 1412 805 1456 ipse
823 1413 1001 1455 dedissem,

83 1459 200 1503 Atque
217 1459 292 1492 haec
308 1470 435 1511 pompa
451 1459 592 1491 domum
608 1470 672 1500 me,
690 1469 759 1490 non
777 1458 947 1500 Pallanta,
965 1459 1132 1491 referret.
1126 1459 1132 1482 ¹

83 1504 117 1538 N
118 1516 156 1538 ec
173 1516 232 1538 vos
249 1505 434 1548 arguerim,
451 1504 583 1547 Teucri,
601 1515 664 1537 nec
680 1504 818 1546 foedera,
836 1515 899 1536 nec
917 1515 1003 1547 quas

83 1550 277 1583 Junximus
293 1550 443 1594 hospitio
461 1550 623 1590 dextras;
649 1560 718 1582 sors
735 1549 802 1582 ista
820 1554 964 1582 senectae

83 1595 211 1629 Debita
228 1600 301 1629 erat
317 1600 451 1630 nostrae.
500 1595 599 1637 Quod
616 1595 645 1628 si
660 1595 848 1628 immatura
864 1595 1027 1628 manebat

84 1640 178 1674 Mors
194 1646 329 1685 natum,
347 1642 443 1675 caesis
460 1641 662 1675 Volscorum
678 1641 831 1673 millibus
849 1645 939 1682 ante,

83 1686 278 1720 Ducentem
295 1687 332 1720 in
349 1687 490 1720 Latium
508 1687 654 1720 Teucros
673 1687 834 1720 cecidisse
846 1686 996 1730 juvabit.

86 1732 178 1775 Quin
195 1744 258 1778 ego
274 1745 343 1768 non
360 1733 428 1767 alio
445 1733 567 1777 digner
582 1737 618 1766 te
634 1732 764 1776 funere,
782 1731 890 1775 Palla,
