1345 1927
159 81 227 113 266
466 78 504 113 Ρ.
531 79 734 113 VIRGILII
760 78 974 113 MARONIS

159 146 331 179 Arvorum
347 145 545 190 pecorisque
562 146 634 188 deo,
652 146 838 189 lucumque
855 145 1025 189 diemque,

161 191 229 232 Qui
245 191 349 235 primi
365 191 450 225 fines
466 191 654 234 aliquando
672 192 822 225 habuere
840 191 989 224 Latinos.

160 236 268 270 Haud
285 236 405 281 procul
421 237 503 270 hinc
520 237 651 270 Tarcho
668 241 704 270 et
720 237 889 280 Tyrrheni
907 240 986 269 tuta
1002 235 1168 269 tenebant

160 281 280 316 Castra
296 282 389 323 locis,
407 282 564 326 celsoque
581 283 691 316 omnis
709 282 750 315 de
768 282 853 315 colle
871 281 981 315 videri

159 327 185 361 J
187 339 243 360 am
260 331 395 372 poterat
411 328 510 371 legio,
528 332 563 361 et
579 328 660 361 latis
677 327 818 361 tenebat
835 327 872 360 in
888 327 989 360 arvis.

160 372 241 406 Huc
259 377 357 417 pater
374 373 500 407 AEneas
517 377 552 407 et
569 373 657 407 bello
674 373 765 406 lecta
776 374 945 416 juventus

159 417 368 461 Succedunt,
386 418 534 463 fessique
552 423 587 452 et
604 430 707 462 equos
725 422 760 452 ct
777 429 917 462 corpora
933 420 1067 450 curant.

206 464 254 497 At
272 464 389 498 Venus
407 464 565 498 aetherios
582 464 672 497 inter
689 464 754 497 dea
770 463 919 497 candida
935 462 1069 496 nimbos

160 508 260 543 Dona
276 509 389 543 ferens
406 509 526 543 aderat
541 522 549 550 ;
573 513 765 552 natumque
782 509 819 542 in
836 509 926 542 valle
942 508 1088 542 reducta

161 554 210 588 Ut
226 555 346 598 procul
363 555 496 598 egelido
514 559 681 588 secretum
697 554 841 587 flumine
859 554 957 596 vidit,
1210 552 1276 584 610

160 599 302 633 Talibus
319 600 425 633 affata
442 603 494 633 est
511 600 624 642 dictis,
642 611 743 643 seque
761 599 889 632 obtulit
905 599 1019 632 ultro:

160 644 243 676 “En
260 643 414 687 perfecta
428 643 498 677 mei
515 644 681 687 promissa
698 643 856 687 conjugis
873 646 947 676 arte

160 689 307 723 Munera
323 701 332 730 ;
356 700 400 722 ne
416 700 498 722 mox
515 692 577 722 aut
596 689 794 732 Laurentes,
811 692 903 730 nate,
921 686 1097 732 superbos,

160 735 232 767 Aut
249 745 363 768 acrem
380 734 517 767 dubites
534 734 571 766 in
589 734 709 778 proelia
726 745 864 778 poscere
881 731 1072 766 Turnum.”

159 777 271 821 Dixit,
289 781 324 811 et
340 781 522 822 amplexus
538 779 613 811 nati
631 778 800 822 Cytherea
816 778 942 822 petivit
955 790 964 819 3

160 823 269 856 Arma
285 823 348 856 sub
365 824 509 857 adversa
525 824 642 868 posuit
658 824 833 857 radiantia
851 835 989 867 quercu.

161 868 226 902 Ille
243 869 315 902 deae
333 869 431 902 donis
448 874 483 902 et
500 873 598 902 tanto
615 869 716 903 laetus
733 869 860 902 honore

161 914 307 958 Expleri
323 915 454 958 nequit,
473 918 577 958 atque
595 915 710 948 oculos
728 926 788 959 per
805 914 943 957 singula
959 914 1078 957 volvit,

161 959 389 1004 Miraturque,
406 960 566 1004 interque
582 972 706 994 manus
724 965 758 993 et
774 959 916 993 brachia
933 964 1048 993 versat
1340 974 1345 1002 χ

161 1005 362 1039 Terribilem
379 1006 491 1039 cristis
507 1006 644 1049 galeam
660 1006 886 1049 flammasque
904 1009 1109 1048 vomentem,
1211 1005 1278 1037 620
1340 1008 1345 1047 ,ἶ

161 1050 424 1095 Fatiferumque
441 1063 567 1094 ensem,
584 1052 726 1085 loricam
744 1063 786 1084 ex
804 1062 870 1084 aere
886 1051 1067 1094 rigentem,

161 1095 406 1140 Sanguineam,
423 1097 601 1140 ingentem
615 1110 624 1138 3
649 1097 760 1141 qualis
778 1108 886 1140 quum
904 1096 1030 1130 caerula
1047 1094 1156 1129 nubes

161 1141 249 1175 Solis
266 1142 452 1176 inardescit
469 1143 575 1176 radiis
593 1143 762 1186 longeque
778 1142 928 1185 refulget
943 1155 952 1183 ς

161 1187 250 1220 Tum
267 1188 358 1221 leves
375 1199 490 1221 ocreas
507 1188 632 1221 electro
650 1199 801 1232 auroque
817 1191 960 1230 recocto,

162 1233 390 1277 Hastamque,
404 1237 438 1267 et
455 1233 557 1277 clipei
574 1245 643 1267 non
661 1232 852 1267 enarrabile
869 1237 1017 1267 textum.

163 1279 240 1312 Illic
257 1291 310 1312 res
329 1279 437 1312 Italas
455 1279 756 1323 Romanorumque
773 1278 976 1322 triumphos,

163 1324 269 1358 Haud
287 1329 408 1358 vatum
424 1325 566 1368 ignarus
583 1325 790 1368 venturique
807 1324 935 1357 inscius
952 1323 1027 1366 aevi,

162 1370 306 1404 Fecerat
322 1371 519 1414 ignipotens
534 1383 542 1411 ;
567 1370 640 1404 illic
657 1381 766 1414 genus
783 1381 882 1403 omne
899 1370 1028 1403 futurae

162 1415 288 1460 Stirpis
305 1416 348 1450 ab
366 1416 523 1458 Ascanio,
541 1420 766 1460 pugnataque
783 1416 820 1448 in
837 1415 956 1448 ordine
972 1414 1073 1448 bella.
1336 1439 1337 1453 ¹

162 1461 306 1495 Fecerat
324 1465 358 1494 et
376 1461 478 1495 viridi
495 1462 603 1495 fetam
621 1461 789 1495 Mavortis
808 1461 843 1494 in
861 1465 960 1494 antro
1213 1460 1280 1493 630
1336 1468 1337 1471 ’

163 1506 392 1540 Procubuisse
409 1507 528 1551 lupam
544 1519 550 1540 :
576 1507 730 1550 geminos
747 1507 830 1540 huie
847 1506 953 1539 ubera
970 1506 1103 1539 circum

163 1552 297 1586 Ludere
314 1553 504 1596 pendentes
520 1564 654 1596 pueros,
672 1557 707 1586 et
724 1552 874 1585 lambere
891 1556 1039 1585 matrem

164 1598 364 1641 Impavidos
379 1610 387 1639 ;
412 1598 510 1631 illam
527 1600 629 1631 tereti
646 1598 777 1632 cervice
793 1597 958 1630 reflexam

162 1642 317 1676 Mulcere
334 1643 494 1687 alternos,
511 1647 546 1676 et
563 1654 705 1687 corpora
720 1643 849 1686 fingere
866 1642 998 1686 lingua.

163 1688 235 1721 Nec
253 1689 372 1732 procul
389 1689 471 1722 hinc
489 1689 643 1732 Romam,
661 1693 696 1722 et
712 1693 829 1732 raptas
847 1688 920 1721 sine
936 1699 1029 1721 more
1046 1686 1190 1722 Sabinas

164 1733 331 1768 Consessu
347 1745 471 1778 caveae,
487 1735 623 1778 magnis
641 1733 856 1769 Circensibus
873 1733 968 1777 actis,
