1345 1927
481 44 703 79 AENEIDOS
728 44 816 79 LIB.
842 45 889 80 II.

127 112 333 157 Sanguineae
350 116 560 157 exsuperant
575 113 707 153 undas,
700 125 707 132 ·
723 123 803 157 pars
820 116 934 145 cetera
950 115 1097 156 pontum

127 158 220 192 Pone
236 159 331 201 legit,
349 159 558 201 sinuantque
575 159 743 191 immensa
758 157 934 191 volumine
950 162 1070 201 terga;

126 203 185 238 Fit
201 204 342 247 sonitus,
360 208 544 247 spumante
561 203 640 237 salo.
689 204 840 255 Jamque
857 214 940 236 arva
955 203 1131 245 tenebant,

124 231 363 293 Ardentesque
380 249 495 283 oculos
512 249 647 282 suffecti
664 249 832 292 sanguine
849 252 884 281 et
899 248 984 292 igni,

126 294 236 328 sibila
251 294 451 328 lambebant
464 294 597 338 linguis
614 294 832 328 vibrantibus
849 305 916 327 ora.

124 339 338 384 Diffugimus
354 340 432 373 visu
448 351 662 384 exsangues:
687 340 740 372 illi
757 339 895 383 agmine
913 343 1005 372 certo

124 385 319 419 Laocoonta
334 389 471 429 petunt.
512 386 558 419 Et
574 385 726 429 primum
743 396 852 429 parva
869 385 1017 417 duorum

125 430 273 475 Corpora
288 435 451 464 natorum
468 442 605 475 serpens
622 431 803 475 amplexus
819 434 967 473 uterque

124 476 300 520 Implicat,
318 480 353 510 et
368 477 509 510 miseros
525 488 642 510 morsu
659 476 858 520 depascitur
874 480 970 509 artus
985 488 993 517 3

124 521 207 555 Post
223 522 348 565 ipsum,
365 522 498 556 auxilio
515 522 722 556 subeuntem
738 533 778 555 ac
795 521 866 555 tela
883 521 1061 564 ferentem,

124 567 333 611 Corripiunt,
351 568 519 612 spirisque
534 568 648 611 ligant
664 567 865 611 ingentibus
880 579 888 608 ;
913 571 948 600 et
960 568 1035 611 jam

123 612 184 646 Bis
199 613 354 646 medium
371 613 532 657 amplexi⁷
549 614 603 647 bis
621 613 708 647 collo
725 624 889 656 squamea
906 613 1037 645 circum

124 658 236 702 Terga
252 658 336 701 dati,
354 664 519 703 superant
536 659 650 702 capite
667 662 702 692 et
719 658 908 692 cervicibus
926 658 1015 691 altis.

124 703 190 737 Ille
207 704 310 737 simul
326 704 486 737 manibus
502 705 616 738 tendit
633 704 796 737 divellere
812 704 928 747 nodos,

124 748 288 782 Perfusus
305 750 400 783 sanie
416 750 523 783 vittas
540 753 685 793 atroque
701 760 833 782 veneno
847 761 856 789 ;

124 794 294 828 Clamores
312 795 416 827 simul
433 795 618 828 horrendos
635 795 679 828 ad
697 795 808 827 sidera
824 794 918 827 tollit
932 806 939 827 :

125 839 244 880 Qualis
261 840 427 883 mugitus,
445 840 537 883 fugit
555 851 664 884 quum
681 840 817 873 saucius
833 851 929 873 aram

124 885 267 928 Taurus,
285 889 320 918 et
336 886 506 919 incertam
523 886 675 919 excussit
693 886 824 919 cervice
842 885 998 919 securim.

122 930 171 963 At
187 931 318 974 gemini
333 931 435 975 lapsu
452 931 595 964 delubra
612 931 656 964 ad
674 942 807 964 summa
825 931 987 964 dracones

122 975 316 1019 Effugiunt,
335 987 502 1020 saevaeque
519 981 647 1020 petunt
663 977 851 1010 Tritonidis
868 988 992 1020 arcem,

123 1020 194 1054 Sub
212 1022 425 1066 pedibusque
443 1023 526 1065 deae
543 1023 726 1066 clipeique
733 1022 796 1055 sub
815 1022 894 1055 orbe
911 1025 1088 1065 teguntur.

122 1066 211 1100 Tum
227 1079 307 1101 vero
324 1069 527 1101 tremefacta
544 1079 654 1102 novus
671 1080 732 1112 per
748 1072 887 1112 pectora
904 1068 1038 1101 cunctis

123 1111 285 1146 Insinuat
301 1125 431 1158 pavor-3
456 1118 490 1147 et
508 1114 618 1147 scelus
635 1114 838 1166 expendisse
853 1117 1044 1147 merentem

123 1157 318 1192 Laocoonta
334 1160 463 1203 ferunt,
481 1171 617 1193 sacrum
634 1160 693 1203 qui
711 1159 852 1203 cuspide
868 1159 973 1192 robur

123 1203 274 1246 Laeserit‚
292 1208 327 1238 et
343 1208 440 1248 tergo
458 1205 659 1238 sceleratam
676 1205 851 1238 intorserit
868 1205 1014 1238 hastam.

122 1248 331 1283 Ducendum
347 1251 392 1283 ad
410 1251 504 1284 sedes
522 1250 755 1294 simulacrum,
773 1250 970 1294 orandaque
987 1250 1076 1284 divae

122 1294 278 1328 Numina
294 1293 521 1329 conclamant.

121 1339 319 1374 Dividimus
335 1353 459 1384 muros,
477 1345 512 1375 et
528 1341 656 1375 moenia
671 1341 858 1385 pandimus
874 1340 991 1374 urbis·
983 1367 992 1382 ,

121 1386 322 1430 Accingunt
339 1398 455 1421 omnes
472 1387 575 1431 operi,
592 1387 806 1431 pedibusque
822 1391 978 1420 rotarum

122 1431 321 1475 Subjiciunt
336 1432 463 1476 lapsus.
482 1437 517 1466 et
534 1437 680 1476 stuppea
696 1433 837 1466 vincula
854 1432 940 1466 collo

122 1476 326 1512 Intendunt
363 1479 507 1512 Scandit
523 1478 640 1512 fatalis
657 1478 819 1511 machina
835 1489 960 1520 muros,

121 1522 210 1556 Feta
227 1524 352 1558 armis:
377 1525 476 1568 pueri
493 1524 624 1557 circum
639 1524 866 1576 innuptaeque
882 1505 1007 1568 puellae

121 1568 226 1602 Sacra
242 1574 383 1612 canunt,
400 1570 590 1622 funemque
605 1581 713 1603 manu
730 1570 930 1613 contingere
947 1569 1110 1613 gaudent.

122 1614 190 1648 Illa
207 1614 311 1658 subit,
327 1615 519 1659 mediaeque
535 1615 672 1648 minans
688 1614 846 1648 illabitur
861 1615 949 1648 urbi.

122 1659 150 1693 Ο
167 1660 290 1703 patria,
307 1672 326 1694 o
344 1661 466 1694 divum
483 1661 604 1694 domus
621 1661 737 1704 Ilium,
755 1664 790 1694 et
806 1660 940 1704 inclyta
955 1660 1046 1694 bello

121 1704 253 1740 Moenia
269 1706 511 1741 Dardanidum
526 1710 533 1744 Ξ
560 1710 684 1751 quater
699 1707 774 1752 ipso
790 1707 828 1740 in
844 1706 963 1740 limine
979 1710 1087 1751 portae

1174 46 1239 78 117

1171 250 1239 280 210

1171 704 1238 736 220

1170 1161 1237 1191 2:30

1167 1617 1235 1648 240
