1345 1927
133 59 203 92 :324
434 55 472 90 Ρ.
498 55 705 90 VIRGILII
729 54 946 90 MARONIS

138 126 250 167 Quam
267 123 345 170 pius
362 124 499 169 AEneas‚
517 128 552 159 et
569 136 674 170 quam
689 125 809 169 magni
826 124 985 168 Phryges
1010 127 1047 159 et
1064 135 1171 169 quam
1189 125 1256 159 170

137 171 376 215 Tyrrhenique
393 171 507 213 duces,
524 171 742 215 Tyrrhenum
760 171 933 204 exercitus
950 170 1071 204 omnis.

137 217 270 261 Magna
286 223 416 262 tropaea
432 217 560 260 fenmt,
579 228 662 260 quos
680 217 740 250 dat
758 220 820 250 tua
837 216 983 249 dextera
998 215 1069 249 leto
1084 228 1092 256 ;

138 262 192 296 Tu
208 273 344 307 quoque
360 274 455 296 nunc
472 266 580 296 stares
597 262 759 295 immanis
776 267 921 295 truncus
938 261 977 294 in
992 261 1097 294 armis
1111 273 1121 302 3

138 307 239 342 Esset
255 320 318 353 par
335 312 429 352 aetas,
447 312 482 342 et
498 308 591 341 idem
607 308 636 341 si
652 307 756 341 robur
772 307 815 341 ab
833 307 943 349 annis,
1124 319 1126 321 ·

140 354 264 388 Turne.
312 354 380 388 Sed
396 354 520 388 infelix
537 354 685 387 Teucros
703 353 786 397 quid
804 353 960 386 demoror
976 352 1082 386 armis
1096 351 1110 386 Ἰ

141 399 277 443 Vadite,
295 404 330 434 et
346 400 420 433 haec
436 411 602 433 memores
619 399 692 443 regi
709 399 877 432 mandata
892 398 1019 432 referte
1033 410 1041 432 :

141 445 241 487 Quod
258 445 367 479 vitam
383 457 496 479 moror
512 445 671 486 invisam,
688 444 848 478 Pallante
865 447 1029 488 peremto,

140 491 294 525 Dextera
311 495 494 525 causa·tua
511 495 562 524 est
578 504 585 531 ;
611 490 767 523 Turnum
786 494 937 534 natoque
953 489 1114 534 patrique

143 536 255 578 Quam
273 537 396 570 debere
413 537 518 570 vidos.
567 536 704 569 Meritis
720 540 821 569 vacat
838 535 895 568 hic
914 535 979 568 tibi
997 535 1089 568 solus

142 582 374 626 Fortunaeque
391 582 494 615 locus.
543 582 621 615 Non
639 582 719 615 vitae
736 581 864 625 gaudia
882 592 1008 624 quaero,
1196 581 1263 614 180

142 627 215 662 Nec
230 629 284 662 fas
298 640 305 661 :
331 628 389 661 sed
407 632 490 662 nato
505 639 625 661 manes
642 627 793 671 perferre
811 625 874 660 sub
890 626 1003 660 imos.”

191 674 323 707 Aurora
340 674 472 707 interea
487 673 621 707 miseris
637 672 842 706 mortalibus
859 671 988 706 almam

143 720 331 754 Extulerat
347 720 471 762 lucem,
487 720 638 753 referens
656 730 759 763 opera
775 722 881 762 atque
898 717 1040 751 labores.

144 766 170 800 J
171 777 227 800 am
243 769 344 810 pater
359 765 496 808 AEneas,
509 766 583 809 jam
600 775 704 798 curvo
721 764 759 797 in
776 764 876 797 litore
893 763 1051 797 Tarchon

144 811 362 845 Constituere
378 822 482 856 pyras
497 823 503 844 :
528 811 597 844 huc
614 821 755 854 corpora
773 809 917 854 quisque
935 819 1076 842 suorum

150 857 242 891 More
258 857 370 890 tulere
387 861 527 901 patrum
543 869 551 897 ;
577 856 808 899 subjectisque
825 854 966 898 ignibus
983 854 1068 888 atris

146 903 314 937 Conditur
330 903 367 936 in
384 902 543 936 tenebras
559 902 671 935 altum
689 901 837 944 caligine
855 900 990 933 coelum.

145 948 212 982 Ter
228 949 357 982 circum
374 959 542 989 accensos,
559 948 665 981 cincti
682 946 899 989 fulgentibus
915 945 1030 988 annis,

145 993 335 1028 Decurrere
351 1005 450 1038 rogos
466 1007 473 1035 ς
498 998 552 1027 ter
567 998 729 1026 maestuin
746 992 879 1025 funeris
896 992 1013 1034 ignem

147 1040 354 1074 Lustravere
370 1041 407 1073 in
425 1040 521 1082 equis
537 1052 545 1080 3
570 1038 797 1081 ululatusque
815 1049 871 1071 ore
889 1037 1022 1070 dedere.
1201 1037 1267 1069 190

147 1086 332 1131 Spargitur
348 1090 383 1119 et
399 1086 504 1119 tellus
521 1085 682 1126 lacrimis,
701 1087 912 1127 sparguntur
929 1087 965 1115 et
981 1092 1088 1115 arma.

149 1132 183 1165 It
201 1132 284 1166 coelo
302 1131 498 1175 clamorque
515 1132 630 1164 virum
647 1130 856 1173 clangorque
873 1127 1048 1161 tubarum.

149 1177 243 1211 Hinc
261 1177 321 1211 alii
339 1177 447 1221 spolia
464 1177 582 1210 occisis
601 1176 742 1220 derepta
759 1174 895 1208 Latinis

149 1223 349 1267 Conjiciunt
366 1223 449 1266 igni,
467 1222 592 1266 galeas,
611 1232 775 1265 ensesque
792 1220 940 1262 decoros,

150 1269 340 1314 Frenaque,
357 1270 599 1312 ferventesque
615 1272 708 1301 rotas
723 1280 731 1307 3
756 1277 834 1310 pars
851 1276 998 1298 munera.
1013 1268 1107 1308 nota,

150 1315 310 1359 Ipsorum
327 1315 464 1358 clipeos,
482 1318 517 1348 et
533 1325 602 1347 non
619 1313 736 1346 felicia
754 1312 833 1345 tela.

150 1361 267 1394 Multa
282 1361 388 1394 boum
405 1361 495 1394 circa
511 1363 712 1393 mactant-ur
730 1369 871 1402 corpora
887 1355 995 1390 Morti
1009 1368 1018 1396 ;

151 1406 401 1450 Saetigerosq‘ue
419 1417 496 1439 sues
513 1409 700 1449 raptasque
717 1415 760 1437 ex
779 1401 937 1436 omnibus
955 1402 1047 1445 agris

152 1452 194 1486 In
211 1452 386 1486 flammam
399 1451 569 1496 jugulant
586 1450 744 1494 pecudes.
793 1449 883 1482 Tum
898 1448 1000 1481 litore
1016 1450 1090 1480 toto
1316 1474 1317 1486 2

151 1498 324 1532 Ardentes
341 1502 501 1542 spectant
518 1497 633 1539 socios,
651 1496 885 1538 semiustaque
902 1497 1041 1527 servant
1202 1491 1272 1525 200
1316 1514 1318 1520 ,

151 1543 262 1577 Busta
278 1557 284 1583 3
309 1555 420 1587 neque
438 1542 543 1577 avelli
560 1545 713 1587 possunt,
730 1552 800 1574 nox
817 1539 963 1573 humida
979 1538 1088 1572 donec

153 1589 303 1623 Invertit
321 1589 447 1623 coelum
464 1588 572 1622 stellis
588 1587 807 1631 fulgentibus
823 1589 956 1630 aptum.

198 1635 270 1668 Nec
287 1635 403 1668 minus
420 1639 456 1668 et
471 1634 588 1668 miseri
605 1633 740 1667 diversa
756 1633 793 1666 in
809 1635 909 1676 parte
925 1629 1045 1664 Latini

154 1679 358 1714 Innumeras
376 1685 533 1714 struxere
549 1691 652 1724 pyras
667 1692 675 1720 3
705 1683 740 1712 et
757 1688 899 1721 corpora.
913 1676 1044 1721 partim

154 1724 271 1760 Multa
287 1727 401 1760 virum
419 1731 518 1760 terrae
535 1725 723 1769 infodiunt,
741 1728 931 1768 avectaque
947 1721 1077 1767 partim

1075 1205 1098 1226 θ
