1345 1927
80 88 144 119 116
383 86 420 120 Ρ.
439 86 644 121 VIRGILII
670 86 884 121 MARONIS

76 152 109 185 N
112 164 150 186 ec
167 153 282 186 dubiis
299 165 340 187 ea
357 153 456 197 signa
473 153 570 187 dedit
587 153 742 187 Tritonia
758 153 930 187 monstris.

79 198 150 231 Vix
167 199 320 242 positum
338 199 457 233 castris
475 199 719 233 simulacrum:
745 210 857 232 arsere
874 209 1023 232 coruscae

77 244 282 278 Luminibus
298 245 446 278 flammae
463 245 614 287 arrectis,
631 245 808 288 salsusque
825 255 886 288 per
902 248 999 277 artus

76 289 188 323 Sudor
204 290 247 323 iit
261 303 270 331 ;
295 294 415 334 terque
431 290 507 334 ipsa
524 290 602 333 solo,
619 290 778 324 mirabile
795 291 901 332 dictu,

76 335 241 378 Emicuit,
258 347 484 380 parmamque
500 336 614 369 ferens
631 336 837 379 hastamque
854 338 1070 369 trementem.

76 381 263 425 Extemplo
280 382 449 415 tentanda
465 382 550 425 fuga
567 382 662 415 canit
679 393 818 425 aequora
835 381 978 415 Calchas
992 393 1001 422 3

75 426 109 459 N
110 438 148 460 ec
165 438 261 471 posse
278 427 448 470 Argolicis
465 428 622 460 exscindi
639 427 809 471 Pergama
826 427 914 469 telis,

77 471 202 506 Omina
218 473 256 505 ni
271 477 432 517 repetant
448 474 561 518 Argis,
577 484 775 516 numenque
791 473 971 515 reducant,

77 518 176 559 Quod
193 518 315 562 pelago
333 523 368 552 et
385 518 500 553 curvis
516 529 634 552 secum
650 529 796 552 avexere
814 518 948 551 carinis.

75 563 122 597 Et
137 575 240 606 nunc,
259 564 350 608 quod
367 564 498 608 patrias
514 568 618 598 vento
635 564 764 608 petiere
781 563 956 607 Mycenas,

75 609 183 642 Arma
199 609 348 653 deosque
365 614 492 654 parant
509 610 661 651 comites,
678 609 870 653 pelagoque
888 619 1044 642 remenso

77 655 261 699 Improvisi
277 655 437 693 aderunt.
488 655 545 688 Ita
562 655 690 699 digerit
706 655 823 688 omina
840 654 993 688 Calchas.

75 700 178 734 Hanc
195 712 256 745 pro
274 700 442 744 Palladio,
458 701 671 745 moniti,sspro
687 700 832 733 numine
848 700 940 744 laeso,

75 745 235 790 Effigiem
252 750 414 790 statuere,
430 747 528 780 nefas
547 757 624 789 quae
640 746 740 780 triste
758 746 878 790 piaret.

75 791 178 826 Hanc
195 796 314 826 tamen
330 793 535 826 immensam
552 792 695 826 Calchas
712 792 871 825 attollere
886 791 1014 825 molem

75 837 267 871 Roboribus
284 839 401 882 textis,
419 839 571 882 caeloque
588 838 733 871 educere
745 838 860 881 jussit,

73 883 127 917 Ne
143 884 250 928 recipi
266 884 385 928 portis,
402 889 465 918 aut
482 884 563 917 duci
579 884 617 916 in
633 883 761 917 moenia
777 883 884 927 possit
899 895 907 924 ;

73 929 152 963 Neu
169 930 338 974 populum
355 930 501 974 antiqua
518 929 581 962 sub
597 929 764 972 religione
781 929 881 962 tueri.

73 974 176 1016 Nam,
193 976 222 1008 si
238 979 353 1009 vestra
368 987 493 1009 manus
510 975 671 1009 violasset
688 974 779 1008 dona
794 974 972 1017 Minervae,

74 1020 163 1054 Tum
179 1032 348 1065 magnum
365 1021 514 1054 exitium
532 1021 639 1065 (quod
657 1020 693 1053 di
710 1020 805 1064 prius
823 1031 923 1053 omen
940 1020 977 1052 in
994 1020 1106 1063 ipsum

73 1066 286 1100 Convertant
300 1066 324 1110 !)
351 1066 482 1100 Priami
498 1066 642 1111 imperio
660 1065 926 1110 Phrygibusque
942 1065 1111 1099 futurum.

73 1111 135 1146 Sin
150 1111 312 1146 manibus
328 1113 450 1146 vestris
467 1116 618 1146 vestram
634 1112 844 1145 ascendisset
860 1111 898 1144 in
914 1110 1045 1154 urbem,

73 1158 174 1192 Ultro
191 1158 310 1191 Asiam
326 1169 453 1202 magno
470 1157 619 1202 Pelopea
636 1157 680 1191 ad
697 1157 825 1190 moenia
841 1156 930 1190 bello

73 1203 277 1247 Venturam,
294 1208 330 1237 et
346 1208 479 1237 nostros
496 1215 536 1237 ea
551 1204 627 1237 fata
643 1214 782 1236 manere
798 1201 964 1247 nepotes.'

72 1249 214 1283 Talibus
230 1249 365 1283 insidiis
381 1249 580 1293 perjurique
597 1252 671 1282 arte
688 1248 824 1281 Sinonis

73 1295 213 1329 Credita
228 1306 292 1338 res,
310 1295 472 1339 captique
490 1294 578 1328 dolis
595 1294 815 1338 lacrimisque
833 1293 969 1336 coactis,

74 1340 166 1382 Quos
182 1352 297 1384 neque
314 1340 473 1384 Tydides,
491 1351 555 1374 nec
572 1340 763 1373 Larissaeus
781 1339 944 1381 Achilles,

71 1386 152 1420 Non
168 1387 252 1420 anni
269 1386 431 1420 domuere
447 1386 576 1428 decem,
593 1396 662 1418 non
679 1385 775 1418 mille
792 1384 928 1418 carinae.

118 1432 138 1449 ‘⁴
150 1432 219 1465 Hic
236 1433 333 1466 aliud
349 1434 463 1476 majus
480 1431 614 1465 miseris
631 1431 811 1474 multoque
828 1429 1046 1463 tremendum

72 1474 245 1518 Objicitur
261 1474 381 1517 magis,
399 1478 505 1517 atque
521 1474 715 1517 improvida
732 1477 873 1518 pectora
888 1473 1018 1508 turbat.

71 1519 239 1563 Laocoon,
257 1519 384 1552 ductus
401 1519 567 1563 Neptuno
585 1523 674 1552 sorte
692 1519 856 1562 sacerdos,

71 1564 247 1599 Solemnes
263 1568 405 1598 taurum
422 1564 601 1608 ingentem
617 1564 796 1598 mactabat
812 1564 858 1598 ad
874 1575 960 1598 aras.

70 1610 159 1644 Ecce
176 1614 295 1644 autem
311 1610 441 1653 gemini
458 1622 479 1644 a
496 1610 632 1644 Tenedo
650 1610 840 1654 tranquilla
856 1622 918 1655 per
933 1610 1008 1644 alta

72 1656 256 1700 (Horresco
273 1656 438 1700 referens)
456 1656 632 1689 immensis
649 1656 787 1689 orbibus
804 1667 936 1700 angues

71 1701 288 1735 Incumbunt
304 1701 436 1745 pelago,
454 1702 652 1746 pariterque
669 1702 714 1735 ad
730 1702 833 1735 litora
850 1701 1001 1735 tendunt
1014 1714 1024 1744 3

72 1746 216 1781 Pectora
234 1759 380 1792 quorum
397 1748 488 1781 inter
504 1747 633 1781 fluctus
649 1752 783 1782 arrecta
794 1746 959 1792 jubaeque

1131 565 1194 596 180

1134 1022 1193 1053 100

1125 1476 1192 1508 200
