1345 1927
119 58 186 90 218
429 54 467 88 P.
487 53 689 87 VIRGILII
714 53 884 88 MARON
888 54 929 88 IS

121 122 278 166 Occupat
294 120 422 155 AEneas
438 120 583 164 aditum,
601 131 794 164 corpusque
810 120 941 153 recenti

119 167 261 212 Spargit
277 177 378 211 aqua,
395 177 598 210 ramumque
615 167 757 199 adverso
774 166 811 198 in
828 165 948 198 limine
964 164 1051 208 figit.

166 214 232 246 His
249 213 390 246 demum
407 211 548 254 exactis,
567 212 719 255 perfecto
736 221 878 244 munere
895 211 996 253 divae,

118 259 295 293 Devenere
312 258 403 291 locos
419 257 526 299 laetos,
544 261 578 290 et
595 268 731 290 amoena
748 257 859 290 vireta

118 304 389 338 Fortunatorum
407 313 596 345 nemorum,
614 302 777 346 sedesque
795 302 922 335 beatas.

117 350 260 394 Largior
276 349 334 382 hic
351 359 488 392 campos
506 347 614 381 aether
630 352 664 381 et
681 348 813 380 lumine
831 347 936 380 vestit
1167 346 1234 379 640

117 395 307 440 Purpureo,
325 394 499 437 solemque
517 404 628 436 suum,
646 404 709 426 sua
727 393 839 426 sidera
856 395 994 425 norunt.

117 440 201 474 Pars
218 441 255 474 in
271 439 458 484 gramineis
475 443 637 472 exercent
653 438 807 472 membra
824 438 1004 482 palaestris,

117 486 339 520 contendunt
355 484 448 527 ludo,
466 488 500 517 et
517 483 615 517 fulva
631 483 812 517 luctantur
828 494 933 517 arena
942 495 951 524 ;

116 531 201 565 Pars
218 530 364 575 pedibus
381 529 557 573 plaudunt
573 529 723 572 choreas,
740 534 774 562 et
792 528 948 562 carmina
964 527 1108 561 dicunt:

116 576 149 610 N
151 588 189 610 ec
206 588 276 609 non
293 575 474 608 Threicius
490 573 595 617 longa
612 585 692 606 cum
708 578 803 607 veste
820 573 975 607 sacerdos

117 622 326 666 Obloquitur
342 620 494 653 numeris
512 623 644 663 septem
661 619 862 652 discrimina
879 629 1003 652 vocum
1017 630 1025 658 ;

116 668 269 712 Jamque
285 666 406 700 eadem
423 665 552 708 digitis,
565 666 640 708 jam
657 665 794 708 pectine
811 663 929 708 pulsat
945 662 1083 697 eburno.

117 713 186 746 Hic
203 724 312 757 genus
329 711 515 755 antiquum
531 710 664 753 Teucri,
682 710 914 754 pulcherrima
931 709 1052 753 proles,

116 758 336 802 Magnanimi
352 757 482 799 heroes,
499 756 576 789 nati
592 755 791 789 melioribus
808 755 918 798 annis,

117 804 269 848 Ilusque,
287 804 553 845 Assaracusque,
570 806 606 834 et
622 802 732 845 Trojae
750 800 937 834 Dardanus
953 803 1082 833 auctor.
1165 800 1232 832 650

117 850 224 883 Arma
241 848 361 893 procul
379 857 569 890 currusque
587 846 702 879 virum
718 846 866 879 miratur
882 846 1011 878 inanes.

115 895 218 929 Stant
236 900 328 927 terra
344 893 466 926 defixae
484 892 603 935 hastae,
620 892 816 936 passimque
833 891 938 924 soluti

115 940 182 974 Per
199 950 336 984 campos
353 942 544 983 pascuntur
561 937 650 981 equi.
700 937 784 978 Quae
801 937 916 980 gratia
933 946 1098 969 curruum

115 986 368 1029 Armorumque
384 984 455 1017 fuit
472 984 569 1026 vivis,
587 994 663 1027 quae
681 993 764 1016 cura
781 983 932 1015 nitentes

115 1031 260 1065 Pascere
278 1041 391 1074 equos,
410 1029 530 1063 eadem
547 1029 704 1072 sequitur
719 1028 845 1062 tellure
862 1031 1023 1071 repostos.

116 1077 291 1121 Conspicit
307 1086 385 1110 ecce
402 1075 486 1108 alios
503 1075 627 1107 dextra
644 1074 800 1117 laevaque
817 1084 877 1117 per
894 1072 1036 1106 herbam

116 1123 313 1164 Vescentes,
330 1121 520 1164 laetumque
537 1120 640 1153 choro
657 1119 785 1152 Paeana
801 1123 973 1161 canentes,

116 1168 213 1202 Inter
229 1167 411 1201 odoratum
427 1166 519 1199 lauri
534 1176 657 1198 nemus
671 1176 677 1198 :
702 1165 796 1197 unde
812 1175 959 1208 superne

115 1214 292 1247 Plurimus
310 1211 454 1245 Eridani
471 1221 532 1254 per
549 1210 673 1243 silvam
689 1209 842 1243 volvitur
857 1209 978 1242 amnis.

116 1260 184 1293 Hic
200 1269 335 1301 manuS,
352 1257 394 1290 ob
411 1256 562 1301 patriam
579 1255 768 1300 pugnando
785 1254 930 1289 vulnera
946 1253 1047 1298 passi,
1164 1255 1232 1287 660

116 1305 252 1349 Quique
269 1303 461 1337 sacerdotes
478 1301 574 1344 casti,
592 1301 676 1334 dum
693 1301 767 1334 vita
783 1300 956 1343 manebat,

116 1351 253 1394 Quique
270 1349 321 1393 pii
337 1352 444 1391 vates,
462 1351 496 1381 et
514 1347 644 1380 Phoebo
661 1346 768 1390 digna
784 1346 903 1388 locuti,

116 1396 281 1429 Inventas
298 1398 360 1428 aut
377 1393 438 1437 qui
454 1393 565 1426 vitam
581 1392 761 1426 excoluere
777 1403 838 1436 per
854 1395 954 1434 artes,

116 1441 251 1485 Quique
268 1440 321 1473 sui
337 1450 503 1473 memores
520 1438 604 1472 alios
620 1438 732 1472 fecere
748 1437 910 1470 merendo
924 1449 931 1470 :

116 1486 285 1520 Omnibus
301 1485 356 1518 his
372 1485 475 1518 m'vea
491 1484 683 1527 cinguntur
700 1487 855 1527 tempora
871 1483 975 1519 vitta.

117 1532 208 1573 Quos
226 1530 451 1565 circumfusos
469 1529 517 1563 sic
533 1534 586 1563 est
603 1529 710 1563 affata
726 1528 916 1573 Sibylla,—

115 1577 288 1610 Musaeum
305 1579 387 1610 ante
403 1586 521 1609 omnes
535 1587 543 1616 ;
567 1575 722 1608 medium
738 1585 820 1607 nam
837 1573 987 1618 plurima
1003 1571 1108 1606 turba

116 1622 222 1656 Hunc
239 1622 354 1664 habet,
371 1625 476 1664 atque
493 1620 646 1654 humeris
663 1623 860 1654 exstantem
876 1618 1020 1663 suspicit
1035 1617 1118 1652 altis
1131 1629 1187 1653 2-

121 1673 139 1690 “
150 1670 274 1712 Dicite,
291 1669 408 1703 felices
425 1668 560 1709 animae,
578 1671 697 1712 tuque,
714 1667 845 1711 optime
865 1669 963 1700 vates
978 1676 989 1707 3
