<?xml version="1.0" encoding="UTF-8"?>
<!DOCTYPE html PUBLIC "-//W3C//DTD XHTML 1.0 Transitional//EN"
    "http://www.w3.org/TR/xhtml1/DTD/xhtml1-transitional.dtd">
<html xmlns="http://www.w3.org/1999/xhtml" xml:lang="en" lang="en">
 <head>
  <title>
</title>
<meta http-equiv="Content-Type" content="text/html;charset=utf-8" />
  <meta name='ocr-system' content='tesseract 3.04.00' />
  <meta name='ocr-capabilities' content='ocr_page ocr_carea ocr_par ocr_line ocrx_word'/>
</head>
<body>
  <div class='ocr_page' id='page_1' title='image "./operaomnia00virguoft/operaomnia00virguoft_0153.png"; bbox 0 0 1330 1932; ppageno 0'>
   <div class='ocr_carea' id='block_1_1' title="bbox 403 49 1174 88">
    <p class='ocr_par' dir='ltr' id='par_1_1' title="bbox 403 49 1174 88">
     <span class='ocr_line' id='line_1_1' title="bbox 403 49 1174 88; baseline 0.004 -3"><span class='ocrx_word' id='word_1_1' title='bbox 403 49 622 86; x_wconf 85' lang='lat' dir='ltr'>AENEIDOS</span> <span class='ocrx_word' id='word_1_2' title='bbox 647 52 734 86; x_wconf 87' lang='lat' dir='ltr'><strong>LIB.</strong></span> <span class='ocrx_word' id='word_1_3' title='bbox 761 52 828 87; x_wconf 90' lang='grc' dir='ltr'>ΙΙΙ.</span> <span class='ocrx_word' id='word_1_4' title='bbox 1108 57 1174 88; x_wconf 81' lang='grc'>145</span> 
     </span>
    </p>
   </div>
   <div class='ocr_carea' id='block_1_2' title="bbox 13 112 1180 1791">
    <p class='ocr_par' dir='ltr' id='par_1_2' title="bbox 14 112 1178 1016">
     <span class='ocr_line' id='line_1_2' title="bbox 57 112 897 161; baseline 0.004 -12"><span class='ocrx_word' id='word_1_5' title='bbox 57 112 177 159; x_wconf 80' lang='lat' dir='ltr'>Longa</span> <span class='ocrx_word' id='word_1_6' title='bbox 192 115 312 160; x_wconf 83' lang='lat' dir='ltr'>procul</span> <span class='ocrx_word' id='word_1_7' title='bbox 328 116 440 161; x_wconf 85' lang='lat' dir='ltr'>longis</span> <span class='ocrx_word' id='word_1_8' title='bbox 457 119 514 152; x_wconf 82' lang='lat' dir='ltr'>via</span> <span class='ocrx_word' id='word_1_9' title='bbox 531 117 658 152; x_wconf 77' lang='lat' dir='ltr'>dividit</span> <span class='ocrx_word' id='word_1_10' title='bbox 675 117 771 151; x_wconf 88' lang='lat' dir='ltr'>invia</span> <span class='ocrx_word' id='word_1_11' title='bbox 788 118 897 152; x_wconf 87' lang='lat' dir='ltr'>terris.</span> 
     </span>
     <span class='ocr_line' id='line_1_3' title="bbox 56 161 905 206; baseline 0.004 -12"><span class='ocrx_word' id='word_1_12' title='bbox 56 161 150 194; x_wconf 86' lang='lat' dir='ltr'>Ante</span> <span class='ocrx_word' id='word_1_13' title='bbox 166 165 201 195; x_wconf 86' lang='lat' dir='ltr'>et</span> <span class='ocrx_word' id='word_1_14' title='bbox 217 162 395 196; x_wconf 77' lang='lat' dir='ltr'>Trinacria</span> <span class='ocrx_word' id='word_1_15' title='bbox 411 163 599 197; x_wconf 87' lang='lat' dir='ltr'>lentandus</span> <span class='ocrx_word' id='word_1_16' title='bbox 615 174 737 196; x_wconf 79' lang='lat' dir='ltr'>remus.</span> <span class='ocrx_word' id='word_1_17' title='bbox 746 163 784 195; x_wconf 90' lang='lat' dir='ltr'>in</span> <span class='ocrx_word' id='word_1_18' title='bbox 800 163 905 206; x_wconf 80' lang='lat' dir='ltr'>unda,</span> 
     </span>
     <span class='ocr_line' id='line_1_4' title="bbox 57 206 908 252; baseline 0.002 -13"><span class='ocrx_word' id='word_1_19' title='bbox 57 206 103 239; x_wconf 87' lang='lat' dir='ltr'>Et</span> <span class='ocrx_word' id='word_1_20' title='bbox 120 207 200 240; x_wconf 87' lang='lat' dir='ltr'>salis</span> <span class='ocrx_word' id='word_1_21' title='bbox 216 207 363 241; x_wconf 83' lang='lat' dir='ltr'>Ausonii</span> <span class='ocrx_word' id='word_1_22' title='bbox 378 208 600 242; x_wconf 86' lang='lat' dir='ltr'>lustrandum</span> <span class='ocrx_word' id='word_1_23' title='bbox 616 208 763 241; x_wconf 79' lang='lat' dir='ltr'>navibus</span> <span class='ocrx_word' id='word_1_24' title='bbox 782 220 908 252; x_wconf 83' lang='lat' dir='ltr'>aequor,</span> 
     </span>
     <span class='ocr_line' id='line_1_5' title="bbox 58 251 833 298; baseline 0.001 -13"><span class='ocrx_word' id='word_1_25' title='bbox 58 251 259 296; x_wconf 87' lang='lat' dir='ltr'>Infernique</span> <span class='ocrx_word' id='word_1_26' title='bbox 274 253 380 296; x_wconf 82' lang='lat' dir='ltr'>lacus,</span> <span class='ocrx_word' id='word_1_27' title='bbox 397 254 569 298; x_wconf 84' lang='lat' dir='ltr'>AEaeaeque</span> <span class='ocrx_word' id='word_1_28' title='bbox 586 253 701 286; x_wconf 83' lang='lat' dir='ltr'>insula</span> <span class='ocrx_word' id='word_1_29' title='bbox 718 253 833 296; x_wconf 86' lang='lat' dir='ltr'>Circae,</span> 
     </span>
     <span class='ocr_line' id='line_1_6' title="bbox 59 297 863 343; baseline 0.004 -13"><span class='ocrx_word' id='word_1_30' title='bbox 59 297 171 338; x_wconf 85' lang='lat' dir='ltr'>Quam</span> <span class='ocrx_word' id='word_1_31' title='bbox 187 301 267 331; x_wconf 83' lang='lat' dir='ltr'>tuta</span> <span class='ocrx_word' id='word_1_32' title='bbox 282 299 389 342; x_wconf 89' lang='lat' dir='ltr'>possis</span> <span class='ocrx_word' id='word_1_33' title='bbox 406 299 527 333; x_wconf 87' lang='lat' dir='ltr'>urbem</span> <span class='ocrx_word' id='word_1_34' title='bbox 544 310 745 343; x_wconf 89' lang='lat' dir='ltr'>componere</span> <span class='ocrx_word' id='word_1_35' title='bbox 762 302 863 333; x_wconf 85' lang='lat' dir='ltr'>terra.</span> 
     </span>
     <span class='ocr_line' id='line_1_7' title="bbox 58 342 911 386; baseline 0.004 -11"><span class='ocrx_word' id='word_1_36' title='bbox 58 342 166 386; x_wconf 83' lang='lat' dir='ltr'>Signa</span> <span class='ocrx_word' id='word_1_37' title='bbox 182 343 247 376; x_wconf 89' lang='lat' dir='ltr'>tibi</span> <span class='ocrx_word' id='word_1_38' title='bbox 264 344 377 377; x_wconf 85' lang='lat' dir='ltr'>dicam</span> <span class='ocrx_word' id='word_1_39' title='bbox 391 357 400 385; x_wconf 92' lang='lat'>;</span> <span class='ocrx_word' id='word_1_40' title='bbox 425 349 466 378; x_wconf 85' lang='lat' dir='ltr'>tu</span> <span class='ocrx_word' id='word_1_41' title='bbox 483 345 623 378; x_wconf 84' lang='lat' dir='ltr'>condita</span> <span class='ocrx_word' id='word_1_42' title='bbox 638 348 755 377; x_wconf 89' lang='lat' dir='ltr'>mente</span> <span class='ocrx_word' id='word_1_43' title='bbox 772 348 889 378; x_wconf 87' lang='lat' dir='ltr'>teneto</span> <span class='ocrx_word' id='word_1_44' title='bbox 903 357 911 378; x_wconf 90' lang='lat'><strong>:</strong></span> 
     </span>
     <span class='ocr_line' id='line_1_8' title="bbox 59 388 939 429; baseline 0.003 -8"><span class='ocrx_word' id='word_1_45' title='bbox 59 388 175 429; x_wconf 80' lang='lat' dir='ltr'>Quum</span> <span class='ocrx_word' id='word_1_46' title='bbox 191 389 256 422; x_wconf 89' lang='lat' dir='ltr'>tibi</span> <span class='ocrx_word' id='word_1_47' title='bbox 273 390 419 423; x_wconf 77' lang='lat' dir='ltr'>sollicito</span> <span class='ocrx_word' id='word_1_48' title='bbox 437 391 558 424; x_wconf 87' lang='lat' dir='ltr'>secreti</span> <span class='ocrx_word' id='word_1_49' title='bbox 575 390 619 423; x_wconf 83' lang='lat' dir='ltr'>ad</span> <span class='ocrx_word' id='word_1_50' title='bbox 636 390 790 423; x_wconf 88' lang='lat' dir='ltr'>fluminis</span> <span class='ocrx_word' id='word_1_51' title='bbox 806 391 939 424; x_wconf 89' lang='lat' dir='ltr'>undam</span> 
     </span>
     <span class='ocr_line' id='line_1_9' title="bbox 58 433 1176 479; baseline 0.004 -13"><span class='ocrx_word' id='word_1_52' title='bbox 58 433 204 467; x_wconf 84' lang='lat' dir='ltr'>Litoreis</span> <span class='ocrx_word' id='word_1_53' title='bbox 221 434 342 478; x_wconf 84' lang='lat' dir='ltr'>ingens</span> <span class='ocrx_word' id='word_1_54' title='bbox 359 436 504 470; x_wconf 86' lang='lat' dir='ltr'>inventa</span> <span class='ocrx_word' id='word_1_55' title='bbox 521 436 584 469; x_wconf 85' lang='lat' dir='ltr'>sub</span> <span class='ocrx_word' id='word_1_56' title='bbox 600 435 737 468; x_wconf 83' lang='lat' dir='ltr'>ilicibus</span> <span class='ocrx_word' id='word_1_57' title='bbox 755 447 820 479; x_wconf 83' lang='lat' dir='ltr'>sus,</span> <span class='ocrx_word' id='word_1_58' title='bbox 1108 439 1176 471; x_wconf 84' lang='lat'>390</span> 
     </span>
     <span class='ocr_line' id='line_1_10' title="bbox 58 479 787 524; baseline 0.003 -12"><span class='ocrx_word' id='word_1_59' title='bbox 58 479 217 523; x_wconf 76' lang='lat' dir='ltr'>Triginta</span> <span class='ocrx_word' id='word_1_60' title='bbox 237 481 393 524; x_wconf 82' lang='lat' dir='ltr'>capitum</span> <span class='ocrx_word' id='word_1_61' title='bbox 409 482 501 515; x_wconf 86' lang='lat' dir='ltr'>fetus</span> <span class='ocrx_word' id='word_1_62' title='bbox 519 481 632 523; x_wconf 82' lang='lat' dir='ltr'>enixa,</span> <span class='ocrx_word' id='word_1_63' title='bbox 646 481 787 524; x_wconf 84' lang='lat' dir='ltr'>jacebit,</span> 
     </span>
     <span class='ocr_line' id='line_1_11' title="bbox 58 524 914 570; baseline 0.005 -12"><span class='ocrx_word' id='word_1_64' title='bbox 58 524 158 568; x_wconf 85' lang='lat' dir='ltr'>Alba,</span> <span class='ocrx_word' id='word_1_65' title='bbox 176 525 245 559; x_wconf 88' lang='lat' dir='ltr'>solo</span> <span class='ocrx_word' id='word_1_66' title='bbox 262 526 440 570; x_wconf 82' lang='lat' dir='ltr'><strong>recubans,</strong></span> <span class='ocrx_word' id='word_1_67' title='bbox 457 527 529 561; x_wconf 85' lang='lat' dir='ltr'>albi</span> <span class='ocrx_word' id='word_1_68' title='bbox 546 527 677 560; x_wconf 88' lang='lat' dir='ltr'>circum</span> <span class='ocrx_word' id='word_1_69' title='bbox 692 527 799 560; x_wconf 86' lang='lat' dir='ltr'>ubera</span> <span class='ocrx_word' id='word_1_70' title='bbox 816 527 914 562; x_wconf 85' lang='lat' dir='ltr'>nati:</span> 
     </span>
     <span class='ocr_line' id='line_1_12' title="bbox 60 569 910 616; baseline 0.004 -13"><span class='ocrx_word' id='word_1_71' title='bbox 60 569 94 604; x_wconf 93' lang='lat' dir='ltr'>Is</span> <span class='ocrx_word' id='word_1_72' title='bbox 111 570 206 604; x_wconf 83' lang='lat' dir='ltr'>locus</span> <span class='ocrx_word' id='word_1_73' title='bbox 222 571 316 604; x_wconf 86' lang='lat' dir='ltr'>urbis</span> <span class='ocrx_word' id='word_1_74' title='bbox 333 572 407 615; x_wconf 85' lang='lat' dir='ltr'>erit,</span> <span class='ocrx_word' id='word_1_75' title='bbox 424 573 559 616; x_wconf 83' lang='lat' dir='ltr'>requies</span> <span class='ocrx_word' id='word_1_76' title='bbox 577 584 617 606; x_wconf 78' lang='lat' dir='ltr'>ea</span> <span class='ocrx_word' id='word_1_77' title='bbox 634 576 728 606; x_wconf 86' lang='lat' dir='ltr'>certa</span> <span class='ocrx_word' id='word_1_78' title='bbox 745 572 910 607; x_wconf 85' lang='lat' dir='ltr'>laborum.</span> 
     </span>
     <span class='ocr_line' id='line_1_13' title="bbox 58 616 901 659; baseline 0.004 -10"><span class='ocrx_word' id='word_1_79' title='bbox 58 616 132 649; x_wconf 87' lang='lat' dir='ltr'>Nec</span> <span class='ocrx_word' id='word_1_80' title='bbox 150 620 191 649; x_wconf 87' lang='lat' dir='ltr'>tu</span> <span class='ocrx_word' id='word_1_81' title='bbox 207 628 405 650; x_wconf 85' lang='lat' dir='ltr'>mensarum</span> <span class='ocrx_word' id='word_1_82' title='bbox 420 630 552 651; x_wconf 87' lang='lat' dir='ltr'>morsus</span> <span class='ocrx_word' id='word_1_83' title='bbox 569 618 724 651; x_wconf 83' lang='lat' dir='ltr'>horresce</span> <span class='ocrx_word' id='word_1_84' title='bbox 741 618 877 652; x_wconf 76' lang='lat' dir='ltr'>futuros</span> <span class='ocrx_word' id='word_1_85' title='bbox 893 631 901 659; x_wconf 90' lang='lat'>;</span> 
     </span>
     <span class='ocr_line' id='line_1_14' title="bbox 14 659 971 708; baseline 0.005 -14"><span class='ocrx_word' id='word_1_86' title='bbox 14 674 17 675; x_wconf 46' lang='lat'><em>⁷</em></span> <span class='ocrx_word' id='word_1_87' title='bbox 60 659 149 695; x_wconf 88' lang='lat' dir='ltr'>Fata</span> <span class='ocrx_word' id='word_1_88' title='bbox 165 662 258 695; x_wconf 83' lang='lat' dir='ltr'>viam</span> <span class='ocrx_word' id='word_1_89' title='bbox 274 662 462 706; x_wconf 79' lang='lat' dir='ltr'>invenient,</span> <span class='ocrx_word' id='word_1_90' title='bbox 480 663 660 707; x_wconf 86' lang='lat' dir='ltr'>aderitque</span> <span class='ocrx_word' id='word_1_91' title='bbox 677 667 820 697; x_wconf 84' lang='lat' dir='ltr'>vocatus</span> <span class='ocrx_word' id='word_1_92' title='bbox 837 664 971 708; x_wconf 87' lang='lat' dir='ltr'>Apollo.</span> 
     </span>
     <span class='ocr_line' id='line_1_15' title="bbox 61 707 919 753; baseline 0.002 -13"><span class='ocrx_word' id='word_1_93' title='bbox 61 707 135 740; x_wconf 84' lang='lat' dir='ltr'>Has</span> <span class='ocrx_word' id='word_1_94' title='bbox 152 711 271 741; x_wconf 85' lang='lat' dir='ltr'>autem</span> <span class='ocrx_word' id='word_1_95' title='bbox 287 712 395 741; x_wconf 86' lang='lat' dir='ltr'>terras</span> <span class='ocrx_word' id='word_1_96' title='bbox 413 709 564 753; x_wconf 74' lang='lat' dir='ltr'>Italique</span> <span class='ocrx_word' id='word_1_97' title='bbox 581 709 671 742; x_wconf 84' lang='lat' dir='ltr'>hanc</span> <span class='ocrx_word' id='word_1_98' title='bbox 687 709 797 742; x_wconf 90' lang='lat' dir='ltr'>litoris</span> <span class='ocrx_word' id='word_1_99' title='bbox 814 721 919 752; x_wconf 84' lang='lat' dir='ltr'>oram,</span> 
     </span>
     <span class='ocr_line' id='line_1_16' title="bbox 60 752 958 798; baseline 0.003 -13"><span class='ocrx_word' id='word_1_100' title='bbox 60 752 224 786; x_wconf 80' lang='lat' dir='ltr'>Proxima</span> <span class='ocrx_word' id='word_1_101' title='bbox 241 764 318 796; x_wconf 86' lang='lat' dir='ltr'>quae</span> <span class='ocrx_word' id='word_1_102' title='bbox 334 754 444 787; x_wconf 86' lang='lat' dir='ltr'>nostri</span> <span class='ocrx_word' id='word_1_103' title='bbox 460 754 683 798; x_wconf 81' lang='lat' dir='ltr'>perfunditur</span> <span class='ocrx_word' id='word_1_104' title='bbox 700 755 845 797; x_wconf 85' lang='lat' dir='ltr'>aequoris</span> <span class='ocrx_word' id='word_1_105' title='bbox 862 759 958 798; x_wconf 87' lang='lat' dir='ltr'>aestu,</span> 
     </span>
     <span class='ocr_line' id='line_1_17' title="bbox 27 797 976 841; baseline 0.003 -10"><span class='ocrx_word' id='word_1_106' title='bbox 27 836 28 839; x_wconf 11' lang='grc' dir='ltr'><strong>Ἴ</strong></span> <span class='ocrx_word' id='word_1_107' title='bbox 60 797 184 841; x_wconf 84' lang='lat' dir='ltr'>Effuge</span> <span class='ocrx_word' id='word_1_108' title='bbox 198 809 205 831; x_wconf 93' lang='lat'><strong>:</strong></span> <span class='ocrx_word' id='word_1_109' title='bbox 231 802 357 832; x_wconf 84' lang='lat' dir='ltr'>cuncta</span> <span class='ocrx_word' id='word_1_110' title='bbox 372 799 473 832; x_wconf 86' lang='lat' dir='ltr'>malis</span> <span class='ocrx_word' id='word_1_111' title='bbox 490 799 695 832; x_wconf 75' lang='lat' dir='ltr'>habitantur</span> <span class='ocrx_word' id='word_1_112' title='bbox 710 800 838 833; x_wconf 81' lang='lat' dir='ltr'>moenia</span> <span class='ocrx_word' id='word_1_113' title='bbox 856 801 976 834; x_wconf 83' lang='lat' dir='ltr'>Graiis.</span> 
     </span>
     <span class='ocr_line' id='line_1_18' title="bbox 26 840 820 888; baseline 0.003 -12"><span class='ocrx_word' id='word_1_114' title='bbox 26 840 28 847; x_wconf 55' lang='lat'>‘</span> <span class='ocrx_word' id='word_1_115' title='bbox 61 843 130 876; x_wconf 88' lang='lat' dir='ltr'>Hic</span> <span class='ocrx_word' id='word_1_116' title='bbox 148 846 183 876; x_wconf 88' lang='lat' dir='ltr'>et</span> <span class='ocrx_word' id='word_1_117' title='bbox 201 843 344 887; x_wconf 83' lang='lat' dir='ltr'>Narycii</span> <span class='ocrx_word' id='word_1_118' title='bbox 360 848 551 888; x_wconf 83' lang='lat' dir='ltr'>posuerunt</span> <span class='ocrx_word' id='word_1_119' title='bbox 567 845 695 878; x_wconf 77' lang='lat' dir='ltr'>moenia</span> <span class='ocrx_word' id='word_1_120' title='bbox 712 845 820 888; x_wconf 87' lang='lat' dir='ltr'>Locri,</span> 
     </span>
     <span class='ocr_line' id='line_1_19' title="bbox 60 888 1178 934; baseline 0.004 -13"><span class='ocrx_word' id='word_1_121' title='bbox 60 888 107 922; x_wconf 86' lang='lat' dir='ltr'>Et</span> <span class='ocrx_word' id='word_1_122' title='bbox 124 888 333 922; x_wconf 75' lang='lat' dir='ltr'>Sallentinos</span> <span class='ocrx_word' id='word_1_123' title='bbox 351 890 484 923; x_wconf 80' lang='lat' dir='ltr'>obsedit</span> <span class='ocrx_word' id='word_1_124' title='bbox 499 890 611 923; x_wconf 89' lang='lat' dir='ltr'>milite</span> <span class='ocrx_word' id='word_1_125' title='bbox 629 901 766 934; x_wconf 83' lang='lat' dir='ltr'>campos</span> <span class='ocrx_word' id='word_1_126' title='bbox 1109 894 1178 926; x_wconf 88' lang='lat'>400</span> 
     </span>
     <span class='ocr_line' id='line_1_20' title="bbox 61 933 897 978; baseline 0.002 -10"><span class='ocrx_word' id='word_1_127' title='bbox 61 933 204 978; x_wconf 77' lang='lat' dir='ltr'>Lyctius</span> <span class='ocrx_word' id='word_1_128' title='bbox 223 935 428 969; x_wconf 84' lang='lat' dir='ltr'>Idomeneus</span> <span class='ocrx_word' id='word_1_129' title='bbox 443 949 451 977; x_wconf 80' lang='lat'><em>3</em></span> <span class='ocrx_word' id='word_1_130' title='bbox 475 936 533 969; x_wconf 85' lang='lat' dir='ltr'>hic</span> <span class='ocrx_word' id='word_1_131' title='bbox 550 936 611 969; x_wconf 88' lang='lat' dir='ltr'>illa</span> <span class='ocrx_word' id='word_1_132' title='bbox 628 936 725 969; x_wconf 85' lang='lat' dir='ltr'>ducis</span> <span class='ocrx_word' id='word_1_133' title='bbox 743 936 897 970; x_wconf 87' lang='lat' dir='ltr'>Meliboei</span> 
     </span>
     <span class='ocr_line' id='line_1_21' title="bbox 62 979 834 1016; baseline 0.003 -3"><span class='ocrx_word' id='word_1_134' title='bbox 62 979 174 1013; x_wconf 82' lang='lat' dir='ltr'>Parva</span> <span class='ocrx_word' id='word_1_135' title='bbox 191 980 394 1014; x_wconf 69' lang='lat' dir='ltr'>Philoctetae</span> <span class='ocrx_word' id='word_1_136' title='bbox 412 981 560 1015; x_wconf 83' lang='lat' dir='ltr'>subnixa</span> <span class='ocrx_word' id='word_1_137' title='bbox 577 982 710 1015; x_wconf 87' lang='lat' dir='ltr'>Petelia</span> <span class='ocrx_word' id='word_1_138' title='bbox 726 993 834 1016; x_wconf 88' lang='lat' dir='ltr'>muro.</span> 
     </span>
    </p>

    <p class='ocr_par' dir='ltr' id='par_1_3' title="bbox 13 1025 1180 1759">
     <span class='ocr_line' id='line_1_22' title="bbox 63 1025 1067 1072; baseline 0.004 -14"><span class='ocrx_word' id='word_1_139' title='bbox 63 1025 165 1068; x_wconf 84' lang='lat' dir='ltr'>Quin,</span> <span class='ocrx_word' id='word_1_140' title='bbox 182 1026 244 1059; x_wconf 90' lang='lat' dir='ltr'>ubi</span> <span class='ocrx_word' id='word_1_141' title='bbox 260 1027 468 1060; x_wconf 71' lang='lat' dir='ltr'>transmissae</span> <span class='ocrx_word' id='word_1_142' title='bbox 486 1028 646 1061; x_wconf 84' lang='lat' dir='ltr'>steterint</span> <span class='ocrx_word' id='word_1_143' title='bbox 663 1032 759 1061; x_wconf 87' lang='lat' dir='ltr'>trans</span> <span class='ocrx_word' id='word_1_144' title='bbox 777 1039 915 1072; x_wconf 86' lang='lat' dir='ltr'>aequora</span> <span class='ocrx_word' id='word_1_145' title='bbox 932 1028 1067 1072; x_wconf 82' lang='lat' dir='ltr'>classes,</span> 
     </span>
     <span class='ocr_line' id='line_1_23' title="bbox 13 1071 837 1116; baseline 0.005 -13"><span class='ocrx_word' id='word_1_146' title='bbox 13 1073 15 1075; x_wconf 84' lang='lat'>&#39;</span> <span class='ocrx_word' id='word_1_147' title='bbox 62 1071 109 1104; x_wconf 86' lang='lat' dir='ltr'>Et</span> <span class='ocrx_word' id='word_1_148' title='bbox 125 1071 245 1115; x_wconf 84' lang='lat' dir='ltr'>positis</span> <span class='ocrx_word' id='word_1_149' title='bbox 262 1072 330 1105; x_wconf 74' lang='lat' dir='ltr'>acris</span> <span class='ocrx_word' id='word_1_150' title='bbox 342 1073 417 1116; x_wconf 85' lang='lat' dir='ltr'>jam</span> <span class='ocrx_word' id='word_1_151' title='bbox 434 1076 515 1106; x_wconf 85' lang='lat' dir='ltr'>vota</span> <span class='ocrx_word' id='word_1_152' title='bbox 532 1074 569 1106; x_wconf 89' lang='lat' dir='ltr'>in</span> <span class='ocrx_word' id='word_1_153' title='bbox 586 1073 686 1106; x_wconf 89' lang='lat' dir='ltr'>litore</span> <span class='ocrx_word' id='word_1_154' title='bbox 704 1074 813 1107; x_wconf 85' lang='lat' dir='ltr'>solves</span> <span class='ocrx_word' id='word_1_155' title='bbox 828 1086 837 1114; x_wconf 95' lang='lat'>;</span> 
     </span>
     <span class='ocr_line' id='line_1_24' title="bbox 63 1116 863 1163; baseline 0.004 -14"><span class='ocrx_word' id='word_1_156' title='bbox 63 1116 242 1160; x_wconf 89' lang='lat' dir='ltr'>Purpureo</span> <span class='ocrx_word' id='word_1_157' title='bbox 259 1118 373 1151; x_wconf 81' lang='lat' dir='ltr'>velare</span> <span class='ocrx_word' id='word_1_158' title='bbox 391 1130 504 1152; x_wconf 86' lang='lat' dir='ltr'>comas</span> <span class='ocrx_word' id='word_1_159' title='bbox 521 1119 705 1163; x_wconf 83' lang='lat' dir='ltr'>adopertus</span> <span class='ocrx_word' id='word_1_160' title='bbox 723 1119 863 1162; x_wconf 86' lang='lat' dir='ltr'>amictu,</span> 
     </span>
     <span class='ocr_line' id='line_1_25' title="bbox 64 1162 934 1208; baseline 0.005 -13"><span class='ocrx_word' id='word_1_161' title='bbox 64 1162 117 1196; x_wconf 86' lang='lat' dir='ltr'>Ne</span> <span class='ocrx_word' id='word_1_162' title='bbox 134 1174 204 1206; x_wconf 80' lang='lat' dir='ltr'>qua</span> <span class='ocrx_word' id='word_1_163' title='bbox 220 1163 311 1196; x_wconf 88' lang='lat' dir='ltr'>inter</span> <span class='ocrx_word' id='word_1_164' title='bbox 328 1168 463 1197; x_wconf 86' lang='lat' dir='ltr'>sanctos</span> <span class='ocrx_word' id='word_1_165' title='bbox 479 1165 576 1208; x_wconf 83' lang='lat' dir='ltr'>ignes</span> <span class='ocrx_word' id='word_1_166' title='bbox 594 1165 631 1197; x_wconf 91' lang='lat' dir='ltr'>in</span> <span class='ocrx_word' id='word_1_167' title='bbox 647 1165 775 1198; x_wconf 86' lang='lat' dir='ltr'>honore</span> <span class='ocrx_word' id='word_1_168' title='bbox 792 1166 934 1199; x_wconf 85' lang='lat' dir='ltr'>deorum</span> 
     </span>
     <span class='ocr_line' id='line_1_26' title="bbox 65 1208 846 1252; baseline 0.004 -11"><span class='ocrx_word' id='word_1_169' title='bbox 65 1208 212 1242; x_wconf 86' lang='lat' dir='ltr'>Hostih&#39;s</span> <span class='ocrx_word' id='word_1_170' title='bbox 228 1209 333 1242; x_wconf 82' lang='lat' dir='ltr'>facies</span> <span class='ocrx_word' id='word_1_171' title='bbox 350 1215 517 1252; x_wconf 78' lang='lat' dir='ltr'>occurrat,</span> <span class='ocrx_word' id='word_1_172' title='bbox 535 1214 570 1243; x_wconf 89' lang='lat' dir='ltr'>et</span> <span class='ocrx_word' id='word_1_173' title='bbox 587 1210 703 1244; x_wconf 84' lang='lat' dir='ltr'>omina</span> <span class='ocrx_word' id='word_1_174' title='bbox 719 1211 846 1244; x_wconf 88' lang='lat' dir='ltr'>turbet.</span> 
     </span>
     <span class='ocr_line' id='line_1_27' title="bbox 65 1254 974 1300; baseline 0.004 -14"><span class='ocrx_word' id='word_1_175' title='bbox 65 1254 172 1287; x_wconf 85' lang='lat' dir='ltr'>Hunc</span> <span class='ocrx_word' id='word_1_176' title='bbox 189 1255 272 1287; x_wconf 88' lang='lat' dir='ltr'>socii</span> <span class='ocrx_word' id='word_1_177' title='bbox 287 1266 417 1288; x_wconf 84' lang='lat' dir='ltr'>morem</span> <span class='ocrx_word' id='word_1_178' title='bbox 434 1267 617 1298; x_wconf 80' lang='lat' dir='ltr'>sacrorum,</span> <span class='ocrx_word' id='word_1_179' title='bbox 634 1256 728 1289; x_wconf 88' lang='lat' dir='ltr'>hunc</span> <span class='ocrx_word' id='word_1_180' title='bbox 745 1256 818 1300; x_wconf 88' lang='lat' dir='ltr'>ipse</span> <span class='ocrx_word' id='word_1_181' title='bbox 835 1260 952 1290; x_wconf 86' lang='lat' dir='ltr'>teneto</span> <span class='ocrx_word' id='word_1_182' title='bbox 966 1269 974 1298; x_wconf 90' lang='lat'>;</span> 
     </span>
     <span class='ocr_line' id='line_1_28' title="bbox 66 1299 832 1345; baseline 0.003 -13"><span class='ocrx_word' id='word_1_183' title='bbox 66 1299 144 1333; x_wconf 84' lang='lat' dir='ltr'>Hac</span> <span class='ocrx_word' id='word_1_184' title='bbox 161 1300 249 1333; x_wconf 88' lang='lat' dir='ltr'>casti</span> <span class='ocrx_word' id='word_1_185' title='bbox 264 1304 429 1334; x_wconf 83' lang='lat' dir='ltr'>maneant</span> <span class='ocrx_word' id='word_1_186' title='bbox 445 1301 482 1333; x_wconf 91' lang='lat' dir='ltr'>in</span> <span class='ocrx_word' id='word_1_187' title='bbox 499 1301 665 1344; x_wconf 81' lang='lat' dir='ltr'>religione</span> <span class='ocrx_word' id='word_1_188' title='bbox 681 1305 832 1345; x_wconf 87' lang='lat' dir='ltr'>nepotes.</span> 
     </span>
     <span class='ocr_line' id='line_1_29' title="bbox 65 1345 1180 1389; baseline 0.003 -11"><span class='ocrx_word' id='word_1_189' title='bbox 65 1345 139 1389; x_wconf 85' lang='lat' dir='ltr'>Ast,</span> <span class='ocrx_word' id='word_1_190' title='bbox 157 1345 217 1378; x_wconf 88' lang='lat' dir='ltr'>ubi</span> <span class='ocrx_word' id='word_1_191' title='bbox 234 1346 426 1389; x_wconf 86' lang='lat' dir='ltr'>digressum</span> <span class='ocrx_word' id='word_1_192' title='bbox 444 1346 567 1380; x_wconf 85' lang='lat' dir='ltr'>Siculae</span> <span class='ocrx_word' id='word_1_193' title='bbox 585 1351 620 1380; x_wconf 90' lang='lat' dir='ltr'>te</span> <span class='ocrx_word' id='word_1_194' title='bbox 637 1347 827 1380; x_wconf 77' lang='lat' dir='ltr'>admoverit</span> <span class='ocrx_word' id='word_1_195' title='bbox 845 1359 912 1380; x_wconf 84' lang='lat' dir='ltr'>orae</span> <span class='ocrx_word' id='word_1_196' title='bbox 1113 1351 1180 1382; x_wconf 79' lang='lat'>410</span> 
     </span>
     <span class='ocr_line' id='line_1_30' title="bbox 66 1391 917 1436; baseline 0.002 -12"><span class='ocrx_word' id='word_1_197' title='bbox 66 1391 209 1434; x_wconf 82' lang='lat' dir='ltr'>Ventus,</span> <span class='ocrx_word' id='word_1_198' title='bbox 226 1395 262 1424; x_wconf 90' lang='lat' dir='ltr'>et</span> <span class='ocrx_word' id='word_1_199' title='bbox 278 1392 419 1434; x_wconf 81' lang='lat' dir='ltr'>angusti</span> <span class='ocrx_word' id='word_1_200' title='bbox 435 1396 610 1425; x_wconf 84' lang='lat' dir='ltr'>rarescent</span> <span class='ocrx_word' id='word_1_201' title='bbox 626 1393 777 1426; x_wconf 81' lang='lat' dir='ltr'>claustra</span> <span class='ocrx_word' id='word_1_202' title='bbox 794 1393 917 1436; x_wconf 84' lang='lat' dir='ltr'>Pelori,</span> 
     </span>
     <span class='ocr_line' id='line_1_31' title="bbox 65 1436 840 1482; baseline 0.001 -12"><span class='ocrx_word' id='word_1_203' title='bbox 65 1436 169 1470; x_wconf 82' lang='lat' dir='ltr'>Laeva</span> <span class='ocrx_word' id='word_1_204' title='bbox 185 1436 250 1470; x_wconf 89' lang='lat' dir='ltr'>tibi</span> <span class='ocrx_word' id='word_1_205' title='bbox 267 1437 380 1480; x_wconf 84' lang='lat' dir='ltr'>tellus,</span> <span class='ocrx_word' id='word_1_206' title='bbox 398 1441 434 1471; x_wconf 90' lang='lat' dir='ltr'>et</span> <span class='ocrx_word' id='word_1_207' title='bbox 450 1438 552 1482; x_wconf 84' lang='lat' dir='ltr'>longo</span> <span class='ocrx_word' id='word_1_208' title='bbox 569 1438 657 1472; x_wconf 84' lang='lat' dir='ltr'>laeva</span> <span class='ocrx_word' id='word_1_209' title='bbox 673 1442 840 1482; x_wconf 84' lang='lat' dir='ltr'>petantur</span> 
     </span>
     <span class='ocr_line' id='line_1_32' title="bbox 64 1482 987 1528; baseline 0.003 -13"><span class='ocrx_word' id='word_1_210' title='bbox 64 1482 220 1526; x_wconf 82' lang='lat' dir='ltr'>AEquora</span> <span class='ocrx_word' id='word_1_211' title='bbox 237 1482 386 1516; x_wconf 81' lang='lat' dir='ltr'>circuitu</span> <span class='ocrx_word' id='word_1_212' title='bbox 401 1496 408 1524; x_wconf 80' lang='lat'>3</span> <span class='ocrx_word' id='word_1_213' title='bbox 434 1484 598 1517; x_wconf 82' lang='lat' dir='ltr'>dextrum</span> <span class='ocrx_word' id='word_1_214' title='bbox 615 1484 697 1528; x_wconf 84' lang='lat' dir='ltr'>fuge</span> <span class='ocrx_word' id='word_1_215' title='bbox 714 1484 797 1517; x_wconf 85' lang='lat' dir='ltr'>litus</span> <span class='ocrx_word' id='word_1_216' title='bbox 815 1488 849 1517; x_wconf 91' lang='lat' dir='ltr'>et</span> <span class='ocrx_word' id='word_1_217' title='bbox 866 1484 987 1518; x_wconf 82' lang='lat' dir='ltr'>undas.</span> 
     </span>
     <span class='ocr_line' id='line_1_33' title="bbox 66 1527 974 1572; baseline 0.001 -11"><span class='ocrx_word' id='word_1_218' title='bbox 66 1527 152 1561; x_wconf 85' lang='lat' dir='ltr'>Haec</span> <span class='ocrx_word' id='word_1_219' title='bbox 169 1528 252 1571; x_wconf 87' lang='lat' dir='ltr'>loca,</span> <span class='ocrx_word' id='word_1_220' title='bbox 270 1528 306 1562; x_wconf 83' lang='lat' dir='ltr'>vi</span> <span class='ocrx_word' id='word_1_221' title='bbox 323 1529 499 1572; x_wconf 89' lang='lat' dir='ltr'>quondam</span> <span class='ocrx_word' id='word_1_222' title='bbox 515 1533 550 1562; x_wconf 90' lang='lat' dir='ltr'>et</span> <span class='ocrx_word' id='word_1_223' title='bbox 567 1533 665 1563; x_wconf 83' lang='lat' dir='ltr'>vasta</span> <span class='ocrx_word' id='word_1_224' title='bbox 683 1530 846 1563; x_wconf 82' lang='lat' dir='ltr'>convulsa</span> <span class='ocrx_word' id='word_1_225' title='bbox 863 1530 974 1570; x_wconf 79' lang='lat' dir='ltr'>ruina,</span> 
     </span>
     <span class='ocr_line' id='line_1_34' title="bbox 66 1573 961 1619; baseline 0.002 -13"><span class='ocrx_word' id='word_1_226' title='bbox 66 1573 218 1607; x_wconf 83' lang='lat' dir='ltr'>Tantum</span> <span class='ocrx_word' id='word_1_227' title='bbox 234 1574 300 1607; x_wconf 80' lang='lat' dir='ltr'>aevi</span> <span class='ocrx_word' id='word_1_228' title='bbox 317 1574 508 1619; x_wconf 84' lang='lat' dir='ltr'>longinqua</span> <span class='ocrx_word' id='word_1_229' title='bbox 524 1576 617 1609; x_wconf 87' lang='lat' dir='ltr'>valet</span> <span class='ocrx_word' id='word_1_230' title='bbox 633 1579 769 1609; x_wconf 83' lang='lat' dir='ltr'>mutare</span> <span class='ocrx_word' id='word_1_231' title='bbox 786 1579 939 1608; x_wconf 80' lang='lat' dir='ltr'>vetustas</span> <span class='ocrx_word' id='word_1_232' title='bbox 955 1577 961 1608; x_wconf 90' lang='lat'>!</span> 
     </span>
     <span class='ocr_line' id='line_1_35' title="bbox 65 1619 1001 1665; baseline 0.003 -14"><span class='ocrx_word' id='word_1_233' title='bbox 65 1619 262 1653; x_wconf 82' lang='lat' dir='ltr'>Dissiluisse</span> <span class='ocrx_word' id='word_1_234' title='bbox 279 1620 407 1661; x_wconf 86' lang='lat' dir='ltr'>ferunt,</span> <span class='ocrx_word' id='word_1_235' title='bbox 427 1632 535 1664; x_wconf 89' lang='lat' dir='ltr'>quum</span> <span class='ocrx_word' id='word_1_236' title='bbox 553 1625 716 1665; x_wconf 82' lang='lat' dir='ltr'>protenus</span> <span class='ocrx_word' id='word_1_237' title='bbox 733 1625 881 1665; x_wconf 85' lang='lat' dir='ltr'>utraque</span> <span class='ocrx_word' id='word_1_238' title='bbox 898 1621 1001 1655; x_wconf 85' lang='lat' dir='ltr'>tellus</span> 
     </span>
     <span class='ocr_line' id='line_1_36' title="bbox 68 1664 902 1711; baseline 0.002 -14"><span class='ocrx_word' id='word_1_239' title='bbox 68 1664 146 1698; x_wconf 83' lang='lat' dir='ltr'>Una</span> <span class='ocrx_word' id='word_1_240' title='bbox 161 1665 251 1698; x_wconf 81' lang='lat' dir='ltr'>foret</span> <span class='ocrx_word' id='word_1_241' title='bbox 265 1677 274 1706; x_wconf 91' lang='lat'>;</span> <span class='ocrx_word' id='word_1_242' title='bbox 299 1666 395 1699; x_wconf 85' lang='lat' dir='ltr'>venit</span> <span class='ocrx_word' id='word_1_243' title='bbox 411 1666 524 1700; x_wconf 88' lang='lat' dir='ltr'>medio</span> <span class='ocrx_word' id='word_1_244' title='bbox 541 1667 577 1700; x_wconf 87' lang='lat' dir='ltr'>vi</span> <span class='ocrx_word' id='word_1_245' title='bbox 593 1670 729 1711; x_wconf 85' lang='lat' dir='ltr'>pontus,</span> <span class='ocrx_word' id='word_1_246' title='bbox 748 1671 782 1700; x_wconf 86' lang='lat' dir='ltr'>et</span> <span class='ocrx_word' id='word_1_247' title='bbox 799 1667 902 1699; x_wconf 84' lang='lat' dir='ltr'>undis</span> 
     </span>
     <span class='ocr_line' id='line_1_37' title="bbox 68 1709 1038 1759; baseline 0.004 -16"><span class='ocrx_word' id='word_1_248' title='bbox 68 1709 277 1755; x_wconf 85' lang='lat' dir='ltr'>Hesperium</span> <span class='ocrx_word' id='word_1_249' title='bbox 293 1711 410 1745; x_wconf 83' lang='lat' dir='ltr'>Siculo</span> <span class='ocrx_word' id='word_1_250' title='bbox 427 1712 519 1745; x_wconf 85' lang='lat' dir='ltr'>latus</span> <span class='ocrx_word' id='word_1_251' title='bbox 536 1712 694 1755; x_wconf 74' lang='lat' dir='ltr'>abscidit,</span> <span class='ocrx_word' id='word_1_252' title='bbox 712 1724 770 1746; x_wconf 85' lang='lat' dir='ltr'>arv</span> <span class='ocrx_word' id='word_1_253' title='bbox 781 1726 868 1759; x_wconf 80' lang='lat' dir='ltr'>aque</span> <span class='ocrx_word' id='word_1_254' title='bbox 886 1719 921 1749; x_wconf 85' lang='lat' dir='ltr'>et</span> <span class='ocrx_word' id='word_1_255' title='bbox 937 1715 1038 1749; x_wconf 85' lang='lat' dir='ltr'>urbes</span> 
     </span>
    </p>

    <p class='ocr_par' dir='ltr' id='par_1_4' title="bbox 620 1769 641 1791">
     <span class='ocr_line' id='line_1_38' title="bbox 620 1769 641 1791; baseline 0 0"><span class='ocrx_word' id='word_1_256' title='bbox 620 1769 641 1791; x_wconf 72' lang='lat' dir='ltr'>n</span> 
     </span>
    </p>
   </div>
   <div class='ocr_carea' id='block_1_3' title="bbox 11 511 40 1862">
    <p class='ocr_par' dir='ltr' id='par_1_5' title="bbox 11 511 40 1862">
     <span class='ocr_line' id='line_1_39' title="bbox 11 511 40 1862; baseline 0 0"><span class='ocrx_word' id='word_1_257' title='bbox 11 511 40 1862; x_wconf 95' lang='lat' dir='ltr'> </span> 
     </span>
    </p>
   </div>
   <div class='ocr_carea' id='block_1_4' title="bbox 0 0 1330 1932">
    <p class='ocr_par' dir='ltr' id='par_1_6' title="bbox 0 0 1330 1932">
     <span class='ocr_line' id='line_1_40' title="bbox 0 0 1330 1932; baseline 0 0"><span class='ocrx_word' id='word_1_258' title='bbox 0 0 1330 1932; x_wconf 95' lang='lat' dir='ltr'> </span> 
     </span>
    </p>
   </div>
  </div>
 </body>
</html>
