1330 1932
428 57 648 92 AENEIDOS
673 58 763 92 LIB.
790 58 858 92 111.
1140 60 1204 92 135

91 122 252 166 Oonatus,
267 122 373 157 ramis
389 125 543 167 tegerem
559 126 602 157 ut
618 123 860 157 frondentibus
877 135 962 167 aras,

91 168 312 201 Hor-rendum
329 173 365 202 et
381 168 479 202 dictu
495 168 594 202 video
610 168 769 202 mira-bile
784 173 987 203 monstrum.

88 213 181 247 Nam
197 224 273 257 quae
288 214 401 258 prima
418 214 488 247 solo
503 214 617 258 ruptis
631 214 807 254 radicibus
824 214 922 248 arbos

90 259 251 301 Vellitur,
269 259 352 292 huic
368 263 443 292 atro
460 259 644 302 liquuntur
661 260 830 303 sanguine
845 264 966 303 guttae,

89 304 136 337 Et
152 308 281 338 terram
296 305 378 338 tabo
394 293 581 338 maculant.
623 305 714 338 Mihi
730 305 878 348 frigidus
895 306 1014 339 horror

88 348 247 383 Membra
263 350 387 394 quatit,
405 350 609 394 gelidusque
627 351 696 383 coit
713 351 896 384 formidine
913 351 1063 395 sanguis.
1158 354 1202 386 30

89 394 223 428 Rmsus
240 399 275 428 et
291 395 434 429 alterius
451 395 587 429 lentum
604 396 795 429 convellere
812 397 928 430 vimen

89 440 265 484 Insequor,
282 445 317 474 et
334 452 454 474 causas
472 441 612 485 penitus
630 445 765 474 tentare
781 441 950 483 latentes;

88 486 174 519 Ater
190 490 225 519 et
241 486 384 520 alterius
401 487 558 539 sequitur
575 487 617 520 de
635 487 761 520 cortice
778 488 927 530 sanguis.

87 530 205 564 Multa
220 543 361 565 movens
378 532 503 575 animo,
518 532 698 576 Nymphas
715 533 904 566 venerabar
919 536 1079 585 agrestes,

89 577 350 621 Gradivumque
366 582 502 622 patrem
520 578 648 611 Geticis
666 578 727 621 qui
742 579 904 621 praesidet
921 579 1022 622 arvis,

89 622 169 656 Rite
187 623 417 656 secundarent
433 623 538 663 visus,
556 635 724 667 omenque
740 623 904 657 levarent.

88 667 205 701 Tertia
222 668 281 702 sed
297 674 482 712 postquam
498 670 627 712 majore
644 669 786 702 hastilia
802 669 882 702 nisu

87 714 289 757 Aggredior,
306 715 520 757 genibusque
537 715 688 747 adversae
705 714 862 748 obluctor
877 726 1009 749 arenae:

87 758 251 802 Eloquar,
268 771 313 793 an
331 760 450 792 sileam
465 759 476 784 Ί
501 760 653 802 gemitus
670 760 893 793 lacrimabilis
910 761 979 793 imo

86 804 241 838 Auditur
257 805 403 848 tumulo,
420 809 455 838 et
472 816 539 837 vox
555 805 692 838 reddita
708 805 820 838 fertur
835 805 880 839 ad
897 817 1018 840 aures:
1157 810 1202 841 40

84 849 94 866 ‘
107 849 199 889 Quid
215 850 389 891 miserum,
407 850 529 891 AEnea,
547 851 678 884 laceras
692 851 708 884 ’1-
726 852 798 894 jam
817 862 920 894 parce
937 852 1096 895 sepulto;

86 894 194 928 Parce
210 895 285 939 pias
302 895 466 928 scelerare
481 906 615 928 manus.
655 895 689 928 N
691 906 735 928 on
751 906 806 928 me
822 894 888 928 tibi
905 895 1006 939 Troja

85 940 283 974 Externum
298 941 406 979 tulit3
431 945 493 973 aut
510 952 610 973 cruor
626 940 682 973 hic
700 940 742 973 de
760 941 878 984 stipite
894 945 1023 975 manat.

86 985 189 1019 Heu!
215 986 299 1030 fuge
316 986 470 1019 crudeles
487 990 604 1029 terras,
622 986 705 1029 fuge
721 986 806 1019 litus
823 997 976 1020 avarum.

85 1031 177 1064 Nam
194 1031 384 1075 Polydorus
401 1043 473 1075 ego.
515 1032 584 1064 Hie
601 1032 777 1064 confixum
793 1031 903 1066 ferrea
920 1032 1011 1066 texit

86 1077 247 1110 Telorum
263 1089 367 1121 seges,
386 1082 420 1110 et
432 1077 560 1121 jaculis
576 1077 723 1110 increvit
741 1076 877 1110 acutis.'

86 1122 176 1155 Tum
191 1134 271 1156 vero
288 1123 434 1167 ancipiti
450 1128 603 1156 mentem
618 1123 802 1156 formidine
819 1134 955 1166 pressus

87 1168 269 1212 Obstupui,
287 1172 527 1212 steteruntque
545 1180 659 1211 comae,
677 1173 711 1201 et
729 1180 796 1201 vox
815 1169 975 1202 faucibus
992 1170 1101 1204 haesit.

135 1214 275 1247 “Hunc
294 1214 503 1258 Polydorum
521 1215 597 1247 auri
615 1196 792 1257 quondam
809 1224 888 1245 cum
906 1215 1057 1257 pondere
1073 1226 1199 1258 magno

86 1258 216 1292 Infelix
234 1259 392 1292 Priamus
408 1259 532 1292 furtim
548 1260 733 1293 mandarat
749 1259 914 1293 alendum
1157 1264 1200 1295 50

85 1304 244 1337 Threicio
260 1304 344 1347 regi,
361 1316 469 1348 quum
481 1307 556 1349 jam
573 1305 745 1338 diffideret
761 1305 864 1338 armis

84 1349 282 1393 Dardaniae,
299 1350 461 1393 cingique
478 1350 599 1383 urbem
616 1350 792 1384 obsidione
809 1351 950 1385 videret

85 1395 160 1438 Ille,
177 1400 218 1428 ut
235 1407 315 1439 opes
330 1395 450 1429 fractae
468 1395 648 1447 Teucrum,
666 1400 701 1428 et
717 1396 858 1429 fortuna
874 1397 1022 1440 recessit,

85 1440 152 1473 Res
169 1441 461 1484 Agamemnonias
478 1441 703 1484 victriciaque
719 1452 815 1475 arma
833 1447 979 1485 secutus,

84 1485 151 1520 Fas
168 1498 268 1519 omne
285 1486 470 1530 abrumpit,
489 1486 699 1530 Polydorum
716 1486 908 1530 obtruncat,
927 1492 962 1522 et
978 1500 1061 1523 auro

84 1531 129 1565 Vi
146 1532 288 1575 potitur
330 1532 421 1572 Quid
438 1543 507 1565 non
522 1532 683 1566 mortalia
699 1537 839 1576 pectora
855 1534 956 1577 cogis,

83 1577 173 1610 Auri
189 1588 286 1610 sacra
301 1578 429 1610 fames!
472 1577 662 1621 Postquam
678 1589 785 1630 pavor
801 1590 876 1611 ossa
891 1579 1044 1623 reliquit,

83 1622 243 1656 Delectos
259 1623 380 1667 populi
397 1623 441 1656 ad
459 1634 622 1667 proceres,
639 1624 860 1668 primumque
877 1630 1066 1669 parentem,

83 1667 241 1701 Monstra
257 1669 362 1701 deum
377 1668 496 1711 refero,
514 1673 549 1702 et
566 1680 642 1712 quae
660 1669 705 1702 sit
722 1670 904 1712 sententia,
922 1682 1031 1714 posco.

85 1713 252 1748 Omnibus
268 1714 362 1747 idem
378 1714 515 1748 animus
532 1714 698 1748 scelerata
714 1715 878 1750 excedere
895 1720 996 1760 terra,
1153 1719 1197 1751 00
