1345 1927
357 83 599 118 BUCOLIC'A.
648 83 742 118 EOL.
768 83 876 117 VIII.

56 151 221 196 Dumque
237 153 302 187 tibi
318 157 370 187 est
386 153 463 186 odio
479 163 558 186 mea
572 152 700 195 fistula,
717 152 871 196 dumque
889 152 1041 197 capellae,

57 198 315 243 Hirsutumque
333 198 566 243 supercilium,
582 199 817 242 promissaque
834 197 950 241 barba,

55 243 130 278 Nec
147 256 267 278 curare
283 245 388 277 deum
405 244 514 277 credis
530 244 691 277 mortalia
708 255 917 288 quemquam
932 245 939 277 !

58 289 180 334 Incipe
196 290 377 324 Maenalios
393 301 540 333 mecum,
557 301 634 322 mea
650 289 746 332 tibia,
763 300 890 323 versus.

56 334 202 380 Sepibus
218 336 256 368 in
272 336 398 369 nostris
414 347 558 379 parvam
575 339 610 368 te
626 335 759 368 roscida
775 335 868 368 mala

58 381 157 424 (Dux
173 393 235 425 ego
252 386 367 415 vester
383 380 492 424 eram)
511 381 583 414 vidi
600 392 680 413 011111
695 385 807 414 matre
823 380 1007 424 legentem.

55 426 156 460 Alter
171 426 216 460 ab
232 427 415 460 undecimo
431 431 509 460 tum
525 438 581 459 me
593 427 668 470 jam
686 431 824 470 ceperat
841 437 953 459 annus
968 439 977 467 ;

55 472 82 506 J
83 483 140 505 am
155 473 296 516 fragiles
312 477 469 517 poteram
485 483 506 505 a
522 476 614 505 terra
631 472 831 515 contingere
847 484 982 512 ramos„

56 517 106 551 Ut
121 518 204 561 vidi,
221 522 263 551 ut
278 518 376 562 perii,
394 522 436 551 ut
450 529 507 551 me
522 518 636 551 malus
652 517 798 551 abstulit
815 529 907 551 error
921 520 928 551 ἔ

56 563 179 608 Incipe
196 564 377 597 Maenalios
393 575 540 607 mecum,
557 575 635 596 mea
651 563 749 606 tibia,
766 575 893 597 versus.

53 608 89 642 N
89 621 159 642 unc
176 610 255 652 5010,
272 610 356 654 quid
374 610 419 642 sit
436 610 541 642 Amor
556 622 564 650 3
589 609 684 642 duris
702 609 739 641 in
757 608 890 642 cotibus
906 609 1008 642 11111111

54 654 129 688 Aut
145 655 296 698 Tmaros,
312 659 376 688 aut
393 655 568 698 Rhodope,
586 659 648 688 aut
665 655 813 688 extremi
831 655 1057 689 Garamantes

53 700 88 733 N
90 712 128 733 00
144 701 279 744 generis
296 701 405 733 nostri
422 712 569 744 puerum
585 711 648 733 nec
666 700 845 743 sanguinis
862 701 980 734 edunt.

55 745 176 790 Incipe
192 746 374 779 Maenalios
390 757 536 789 mecum,
553 757 630 778 mea
647 745 743 787 tibia,
760 757 887 779 versus.

54 791 174 825 Saevus
190 791 296 825 Amor
313 792 431 824 docuit
448 796 610 824 natorum
627 791 796 834 sanguine
811 796 960 824 matrem

55 837 312 870 Commaculare
328 848 452 870 manus
467 849 476 878 3
501 836 650 869 crudelis
667 841 708 870 tu
725 847 870 880 quoque,
886 841 1006 871 mater.

55 882 210 916 Crudelis
226 887 338 916 mater
353 883 474 926 magis,
491 893 537 915 an
552 894 639 926 puer
655 881 831 926 improbus
848 882 908 915 1110
921 882 933 916 2

55 928 237 972 Improbus
253 929 313 961 ifle
329 940 415 972 puer
429 941 437 969 3
463 928 611 961 crudelis
629 932 670 961 tu
687 939 834 971 quoque,
850 932 971 962 mater.

0 1011 1 1015 Ἰ
54 974 177 1018 Incipe
194 974 374 1007 Maenalios
390 985 536 1017 mecum,
552 985 630 1007 mea
646 973 742 1016 tibia,
760 985 886 1007 versus.

53 1019 87 1053 Ν
89 1031 158 1053 unc
175 1024 210 1053 et
226 1031 304 1053 oves
320 1020 413 1053 ultro
430 1019 546 1063 fugiat
562 1019 666 1063 lupus
681 1031 687 1052 :
712 1031 817 1052 aurea
834 1019 930 1053 durae

53 1064 151 1099 Mala
166 1066 281 1099 ferant
299 1076 443 1109 quercus
459 1077 467 1106 3
491 1065 642 1098 narcisso
658 1064 778 1098 floreat
795 1065 896 1099 alnus
910 1077 918 1099 ε

53 1110 206 1155 Pinguia
223 1111 407 1145 corticibus
424 1111 551 1144 sudent
567 1111 695 1144 electra
711 1111 852 1154 myricae
867 1123 876 1152 ;

54 1156 196 1190 Certent
213 1161 247 1190 et
265 1157 382 1201 cycnis
398 1157 506 1190 ululae
523 1169 531 1198 ;
557 1157 602 1190 sit
618 1156 759 1200 Tityrus
778 1156 935 1201 Orpheus
949 1169 958 1198 ;

55 1202 212 1246 Orpheus
229 1203 267 1236 in
284 1203 387 1246 silvis,
405 1203 497 1236 inter
513 1202 696 1246 delphinas
713 1202 829 1236 Arion.

55 1247 178 1292 Incipe
194 1249 375 1282 Maenalios
392 1260 538 1291 1110011111,
555 1260 632 1281 mea
649 1248 745 1290 tibia,
762 1260 888 1282 versus.

55 1294 181 1328 Omnia
196 1294 252 1328 vel
267 1295 422 1327 medium
438 1294 527 1327 fiant
542 1305 646 1327 mare.
688 1294 806 1327 Vivite
824 1294 919 1328 silvae
935 1307 944 1335 ;

53 1339 211 1384 Praeceps
227 1341 314 1374 aerii
331 1340 473 1384 specula
489 1340 532 1372 de
548 1340 676 1372 montis
693 1339 730 1372 in
747 1339 859 1372 undas

52 1385 198 1419 Deferat
211 1398 220 1427 ;
245 1390 441 1419 extremum
458 1385 522 1418 hoc
537 1397 666 1418 munus
681 1385 860 1418 morientis
877 1385 1012 1420 habeto.

52 1430 180 1464 Desine
197 1431 387 1474 Maenalios,
400 1432 475 1474 jam
492 1431 618 1473 desine,
636 1431 732 1473 tibia,
749 1431 900 1464 versus.”

99 1477 186 1510 Haec
203 1477 339 1510 Damon
353 1491 360 1510 ;
385 1489 455 1519 VOS,
473 1488 550 1520 quae
566 1476 781 1520 responderit
798 1476 1051 1520 Alphesiboeus,

52 1521 178 1566 Dicite,
195 1522 348 1555 Pierides
363 1535 371 1563 ;
396 1534 465 1555 non
483 1522 599 1555 omnia
615 1533 796 1565 possumus
813 1534 938 1556 omnes.

1133 61 1176 116 19

1131 474 1177 505 40

1131 930 1175 962 50

1130 1388 1175 1419 60

98 1569 215 1602 ALPH.
241 1568 360 1601 “Effer
375 1579 512 1611 aquam,
529 1572 564 1600 et
579 1568 676 1600 molli
693 1568 792 1610 cinge
809 1568 883 1600 haec
900 1567 1024 1601 altaria
1040 1568 1138 1610 vitta,

53 1612 297 1656 verbenasque
313 1611 412 1644 adole
428 1611 575 1654 pingues
592 1615 627 1644 et
643 1611 797 1644 mascula
814 1611 928 1646 thura.

53 1659 217 1701 Conjugis
232 1661 274 1691 ut
289 1656 434 1700 magicis
451 1668 550 1689 sanos
567 1660 721 1690 avertere
738 1656 841 1689 sacris

52 1705 223 1748 Experiar
238 1715 356 1737 sensus
371 1715 379 1742 ;
403 1702 493 1735 nihil
509 1702 566 1734 hic
583 1702 650 1734 nisi
667 1702 821 1734 carmina
837 1701 972 1736 desunt.

53 1750 181 1784 Ducite
197 1749 240 1783 ab
256 1748 340 1782 urbe
357 1749 507 1790 domum,
523 1759 601 1780 mea
618 1747 780 1790 earmina,
798 1747 916 1781 ducite
933 1749 1109 1793 Daphnin.
