1345 1927
84 69 129 100 30
394 64 431 99 P.
457 64 662 98 VIRGILII
688 64 856 98 MARON
860 65 903 99 IS

86 133 134 166 Ut
152 133 264 166 varias
281 143 365 166 usus
382 133 584 166 meditando
601 133 810 166 extunderet
828 137 919 167 artes

85 178 274 221 Paulatim,
292 182 327 211 et
345 178 449 212 sulcis
466 179 635 212 frumenti
653 183 822 223 quaereret
838 179 983 212 herbam

86 225 135 258 Ut
153 224 258 258 silicis
276 224 371 258 venis
389 224 589 258 abstrusum
606 225 794 258 excuderet
811 225 937 268 ignem.

86 271 184 304 Tunc
202 270 298 304 alnos
315 271 468 315 primum
483 270 582 304 fluvii
601 282 735 303 sensere
752 275 892 303 cavatas
908 283 916 311 ;

86 316 217 351 Navita
233 320 310 349 tum
327 317 436 350 stellis
452 327 613 349 numeros
630 320 665 349 et
682 316 824 349 nomina
839 316 933 360 fecit,

86 362 258 405 Pleiadas,
276 362 431 406 Hyadas,
449 362 646 406 claramque
664 362 833 405 Lycaonis
851 362 982 396 Arcton
996 374 1005 404 ;

87 409 177 442 Tum
193 409 330 452 laqueis
345 412 486 452 captare
502 409 592 442 feras
610 413 645 441 et
661 408 782 441 fallere
800 408 892 441 visco

87 455 287 498 Inventum,
305 458 340 488 et
356 465 500 498 magnos
516 454 661 487 canibus
678 454 892 487 circumdare
909 453 1019 487 saltus
1033 465 1042 495 ;

86 501 204 546 Atque
220 501 310 534 alius
326 501 440 534 latum
457 500 568 533 funda
579 501 655 544 jam
672 500 830 533 verberat
847 511 995 543 amnem,

86 547 170 581 Alta
187 550 308 592 petens
325 546 516 591 pelagoque
533 546 623 579 alius
641 546 751 579 trahit
767 545 913 579 humida
929 545 1024 580 lina:

87 593 177 626 Tum
193 593 276 626 ferri
292 592 395 636 rigor,
413 595 518 636 atque
535 596 670 635 argutae
688 591 820 624 lamina
838 602 937 624 serrae
952 604 962 632 3

86 639 179 672 Nam
196 638 300 684 primi
317 637 437 672 cuneis
454 637 660 671 scindebant
677 637 781 670 fissile
798 637 957 680 lignum:

87 685 178 718 Tum
195 685 298 718 variae
316 695 440 718 venere
457 687 548 717 artes
563 696 571 724 3
597 684 693 717 labor
711 683 826 716 omnia
844 683 930 716 vicit

88 731 270 775 Improbus
288 734 323 764 et
341 730 436 763 duris
453 741 580 773 urgens
597 730 635 762 in
651 730 754 762 rebus
772 732 915 772 egestas.

87 776 206 810 Prima
223 777 322 810 Ceres
335 777 425 809 ferro
442 776 605 809 mortales
623 779 755 809 vertere
772 779 901 808 terram

88 823 260 867 Instituit,
279 834 388 867 quum
399 822 475 865 jam
491 822 636 865 glandes
653 826 758 865 atque
776 820 903 854 arbuta
920 831 1024 854 sacrae

86 869 283 902 Deficerent
301 869 406 912 silvae,
424 871 459 901 et
476 868 610 901 victum
627 868 773 900 Dodona
788 871 942 909 negaret.

87 914 173 948 Mox
191 918 225 948 et
242 915 426 948 frumentis
443 914 540 947 labor
557 914 707 956 additus,
724 917 766 946 ut
782 913 876 946 mala
893 912 1024 946 culmos

87 961 188 995 Esset
204 961 332 1005 robigo,
351 960 533 1004 segnisque
550 960 704 992 horreret
721 959 758 992 in
776 959 866 992 arvis

89 1007 245 1041 Oarduus
260 1019 266 1040 :
292 1008 470 1039 intereunt
488 1009 619 1049 segetes
636 1018 644 1046 ;
670 1005 764 1038 subit
781 1003 903 1048 aspera
920 1004 1018 1048 silva,

87 1053 287 1098 Lappaeque
304 1052 505 1096 tribulique,
523 1053 683 1095 interque
700 1051 852 1084 nitentia
869 1050 965 1083 culta

89 1100 219 1139 Infelix
237 1099 358 1133 lolium
375 1103 410 1132 et
428 1098 560 1131 steriles
577 1098 803 1131 dominantur
819 1108 948 1130 avenae.

89 1145 190 1187 Quod
206 1145 274 1178 nisi
291 1150 325 1178 et
343 1145 490 1178 assiduis
509 1148 636 1177 terram
652 1143 866 1177 insectabere
882 1143 1012 1186 rastris,

88 1191 135 1225 Et
153 1192 269 1225 sonitu
285 1191 429 1225 terrebis
446 1202 535 1234 aves,
553 1194 588 1223 et
605 1190 694 1223 ruris
711 1190 811 1234 opaci

89 1237 192 1271 Falce
210 1249 343 1282 premes
359 1237 509 1279 umbraS,
528 1236 690 1280 votisque
707 1235 883 1269 vocaveris
900 1235 1046 1268 imbrem
1061 1247 1069 1276 ;

90 1283 172 1317 Heu
187 1285 193 1317 l
220 1295 388 1327 magnum
405 1283 548 1316 alterius
565 1283 696 1315 frustra
713 1281 884 1326 spectabis
902 1292 1074 1324 acervum,

91 1329 330 1374 Concussaque
347 1330 477 1362 famem
493 1329 531 1362 in
549 1329 643 1361 silvis
662 1328 813 1361 solabere
831 1338 972 1371 quercu.

136 1376 335 1409 Dicendum
351 1379 395 1419 et,
413 1386 492 1419 quae
511 1375 581 1408 sint
599 1374 694 1407 duris
711 1374 906 1417 agrestibus
924 1384 1030 1416 arma,

91 1422 195 1463 Queis
214 1422 287 1455 sine
304 1433 366 1455 nec
384 1426 527 1466 potuere
545 1421 611 1454 seri
629 1432 692 1454 nec
710 1431 849 1463 surgere
866 1430 1013 1452 messes:

91 1468 210 1501 Vomis
227 1472 262 1501 et
280 1467 401 1501 inflexi
418 1468 570 1512 primum
587 1478 692 1510 grave
709 1466 815 1499 robur
831 1465 950 1508 aratri,

90 1514 272 1558 Tardaque
289 1514 462 1547 Eleusinae
479 1513 600 1546 matris
618 1512 796 1546 volventia
812 1511 979 1556 plaustra,

91 1560 303 1604 Tribulaque
320 1560 519 1604 traheaeque
537 1562 571 1592 et
586 1559 708 1602 iniquo
726 1558 877 1602 pondere
894 1557 997 1590 rastri
1011 1569 1020 1598 ;

91 1605 220 1650 Virgea
236 1609 404 1650 praeterea
422 1605 514 1640 Celei
533 1605 680 1648 vilisque
697 1604 865 1648 supellex,

90 1652 256 1686 Arbuteae
274 1657 384 1686 crates
403 1656 438 1685 et
453 1651 603 1695 mystica
619 1662 755 1684 vannus
773 1649 913 1683 Iacchi:

91 1698 217 1732 Omnia
235 1709 312 1742 quae
329 1698 440 1731 multo
458 1701 540 1731 ante
556 1708 687 1730 memor
704 1696 839 1740 provisa
855 1705 1008 1740 repones,

91 1745 127 1778 Si
145 1748 179 1778 te
197 1745 303 1789 digna
319 1748 439 1778 manet
456 1743 568 1777 divini
585 1743 695 1787 gloria
710 1742 810 1775 ruris.

1150 455 1217 487 140

1150 914 1217 946 150

1155 1374 1221 1406 160
