1330 1932
449 82 664 115 AENEIDOS
690 83 775 118 LIB.
804 83 864 118 VI.
1152 85 1219 116 213

108 147 127 163 “
142 146 270 180 Infelix
288 146 386 186 Dido,
405 157 504 180 verus
520 144 607 178 mihi
625 145 774 178 nuncius
791 155 870 187 ergo

106 191 266 234 Venerat,
284 192 493 225 exstinctam
509 192 667 234 ferroque
685 196 840 225 extrema
858 196 1012 226 secutam
1027 204 1034 226 ε

105 236 251 270 Funeris
268 237 337 270 heu
354 236 419 270 tibi
436 248 539 270 causa
555 237 608 269 fui
622 237 631 270 ἔ
673 237 738 270 Per
755 237 867 270 sidera
879 238 970 280 juro,

104 281 170 315 Per
187 294 335 326 SuperOS,
353 286 387 315 et
405 283 433 315 si
449 294 518 326 qua
533 282 618 315 fides
635 282 759 315 tellure
777 283 840 315 sub
856 283 927 316 ima
944 287 1005 326 est,

104 327 254 371 Invitus,
271 327 399 370 regina,
417 331 478 361 tuo
495 328 537 360 de
554 327 654 361 litore
671 328 764 362 cessi.
1150 330 1218 362 460

104 372 170 406 Sed
186 384 241 406 me
252 374 351 416 jussa
367 373 480 416 deum,
499 384 574 416 quae
592 385 685 406 nunc
702 374 764 406 has
781 373 830 406 ire
847 385 909 418 per
925 373 1074 416 umbras,

103 417 170 451 Per
185 418 260 451 loca
277 422 375 451 senta
392 418 462 451 situ
479 422 608 462 cogunt
625 423 831 462 noctemque
848 419 1067 462 profundam,

103 463 262 507 Imperiis
279 475 378 506 egere
394 463 484 505 suis;
508 475 572 497 nec
589 464 726 497 credere
743 464 840 508 quivi

103 508 209 541 Hunc
225 513 366 542 tantum
382 509 447 542 tibi
463 521 518 542 me
536 510 687 542 discessu
703 510 791 542 ferre
810 510 970 544 dolorem.

103 553 192 587 Siste
209 554 365 597 gradum,
383 558 487 598 teque
504 559 647 599 aspectu
663 567 706 588 ne
724 555 888 589 subtrahe
905 559 1031 589 nostro.

103 599 213 640 Quem
229 600 350 642 fugis?
375 604 571 633 extremum
588 600 670 644 fato,
689 601 780 644 quod
798 605 833 634 te
851 602 1015 645 alloquor,
1034 601 1098 634 hoc
1115 600 1194 635 est.''

102 644 243 678 Talibus
259 645 388 678 AEneas
406 646 585 679 ardentem
602 650 637 679 et
654 650 753 680 torva
770 650 928 680 tuentem

102 689 249 724 Lenibat
266 691 368 723 dictis
386 691 551 734 animum,
569 691 798 735 lacrimasque
816 691 938 726 ciebat.

101 735 169 768 Illa
186 736 255 769 solo
273 736 358 769 fixos
376 737 490 769 oculos
508 748 627 770 aversa
644 737 785 770 tenebat
800 750 809 778 ;

100 780 173 814 Nec
189 781 300 824 magis
317 781 455 825 incepto
473 782 612 815 vultum
630 793 783 815 sermone
799 786 966 826 movetur,
1145 784 1214 817 470

102 826 214 866 Quam
231 827 259 859 si
277 827 363 859 dura
381 827 467 860 silex
483 831 546 860 aut
563 830 630 860 stet
647 827 822 871 Marpesia
839 831 967 861 cautes.

99 871 254 904 Tandem
271 872 436 915 corripuit
453 883 533 915 sese,
551 876 656 916 atque
672 873 813 906 inimica
829 873 961 917 refugit

101 916 143 949 In
159 928 282 950 nemus
300 917 526 950 umbriferum
541 930 549 959 ;
574 919 703 961 conjux
720 918 781 951 ubi
797 919 965 962 pristinus
982 919 1036 952 iffi

99 961 296 1006 Respondet
313 963 413 1006 curis,
431 967 614 1007 aequatque
631 963 795 1007 Sychaeus
813 976 972 1000 amorem.

98 1007 132 1040 N
133 1019 171 1041 ec
187 1008 303 1041 minus
320 1008 456 1051 AEneas,
474 1020 556 1042 casu
573 1021 754 1053 percussus
770 1009 900 1053 iniquo,

99 1052 323 1097 Prosequitur
339 1054 523 1087 lacrimans
540 1054 651 1099 longe,
669 1058 704 1088 et
720 1055 905 1088 miseratur
922 1059 1072 1090 euntem.

145 1099 231 1132 Inde
248 1099 370 1132 datum
386 1100 530 1133 molitur
545 1100 620 1134 iter.
661 1101 812 1145 Jamque
829 1112 911 1135 arva
928 1101 1096 1136 tenebant

100 1144 240 1187 Ultima,
258 1156 334 1189 quae
351 1145 440 1178 bello
458 1145 542 1178 clari
559 1150 690 1179 secreta
705 1147 940 1190 frequentant.

98 1189 167 1223 Hic
183 1190 236 1223 illi
253 1191 401 1224 occurrit
418 1191 564 1235 Tydeus,
582 1191 638 1225 hic
655 1192 809 1235 inclytus
826 1193 932 1226 armis

97 1234 377 1280 Parthenopaeus,
395 1240 430 1269 et
448 1236 588 1270 Adrasti
604 1237 768 1281 pallentis
785 1237 908 1281 imago.
1140 1241 1208 1272 480

97 1279 166 1313 Hic
182 1281 335 1314 multum
351 1281 424 1314 fieti
441 1282 486 1314 ad
503 1293 641 1325 superos
657 1282 815 1326 belloque
832 1283 955 1316 caduci

95 1325 305 1360 Dardanidae
320 1339 326 1360 :
352 1338 436 1370 quos
452 1327 511 1360 ifle
528 1338 644 1360 omnes
661 1327 763 1371 longo
781 1328 900 1361 ordine
916 1340 1058 1362 cernens

96 1371 283 1414 Ingemuit,
302 1372 548 1415 Glaucumque,
566 1372 811 1416 Medontaque,
828 1374 1168 1419 Thersilochumque,

95 1416 176 1449 Tres
193 1417 435 1461 Antenoridas,
454 1417 635 1461 Cererique
652 1430 787 1452 sacrum
804 1419 1043 1464 Polyphoeten,

96 1461 308 1506 Idaeumque,
326 1463 431 1495 etiam
448 1474 576 1502 currus,
594 1463 700 1496 etiam
717 1475 813 1498 arma
829 1468 1015 1500 tenentem.

94 1507 327 1541 Circumstant
344 1509 467 1541 animae
485 1509 608 1542 dextra
625 1509 782 1553 laevaque
798 1511 1005 1554 frequentes}

93 1552 164 1586 Nec
181 1553 306 1586 vidisse
324 1554 428 1587 semel
445 1554 528 1587 satis
545 1558 596 1588 est
606 1566 614 1595 ;
634 1555 738 1598 juvat
754 1567 862 1599 usque
878 1557 1014 1600 morari,

92 1598 139 1632 Et
156 1599 308 1632 conferre
325 1599 482 1642 gradum,
500 1603 535 1633 et
551 1600 713 1634 veniendi
729 1601 858 1635 discere
875 1613 1004 1636 causas.

92 1645 142 1677 At
158 1644 319 1677 Danaum
336 1656 490 1688 proceres
507 1644 858 1690 Agamemnoniaeque
875 1647 1075 1692 phalanges,

23 1708 26 1709 ν
92 1689 141 1722 Ut
157 1689 274 1723 videre
292 1690 405 1723 virum
421 1690 662 1734 fulgentiaque
678 1703 774 1725 arma
790 1703 851 1736 per
867 1693 1016 1738 umbras,
1135 1696 1204 1728 490

95 1734 235 1778 Ingenti
252 1735 425 1780 trepidare
441 1739 554 1770 metu:
580 1748 659 1781 pars
677 1741 810 1772 vertere
826 1741 934 1782 terga,
