1345 1927
161 109 206 141 66
470 108 508 142 P.
526 107 731 141 VIRGILII
757 107 927 141 MARON
930 107 972 141 IS

161 173 421 218 Horrentesque
437 174 552 217 rubos,
569 178 605 208 et
621 178 779 207 amantes
797 174 906 208 ardua
923 175 1062 208 dumos:

161 219 278 263 Atque
295 220 377 263 ipsae
395 231 561 253 memores
578 220 725 252 redeunt
742 220 779 252 in
795 224 898 262 tecta,
917 231 1063 264 suosque

161 264 317 308 Ducunt,
335 270 369 298 et
387 266 530 309 gravido
548 269 714 309 superant
731 265 790 298 vix
808 265 912 298 ubere
929 265 1045 300 limen.

161 310 254 354 Ergo
271 312 365 344 omni
383 311 498 344 studio
516 311 664 354 glaciem
681 315 869 354 ventosque
886 311 1028 355 nivales,

164 356 239 397 Quo
255 357 369 390 minor
386 362 437 390 est
454 357 524 390 illis
542 368 633 389 curae
650 356 806 389 mortalis
824 361 967 399 egestas,

163 403 318 446 Avertes,
336 403 539 446 victumque
555 403 644 435 feres
661 407 696 435 et
713 402 830 445 virgea
847 402 951 436 laetus
1218 403 1286 437 320

163 447 299 481 Pabula
309 461 318 489 ;
342 460 406 482 nec
423 453 498 482 tota
516 448 656 481 claudes
672 448 806 481 foenilia
823 447 954 482 bruma.

163 493 212 527 At
229 505 318 537 vero,
337 494 496 538 zephyris
513 505 624 537 quum
640 494 722 527 laeta
739 494 943 527 vocantibus
961 497 1064 527 aestas

165 539 209 573 In
227 540 335 573 saltus
352 545 542 583 utrumque
558 551 697 583 gregem
714 543 820 582 atque
836 539 874 572 in
891 551 1022 583 pascua
1037 539 1167 582 mittet,

164 585 317 618 Luciferi
334 585 446 629 primo
463 596 544 618 cum
561 585 670 618 sidere
687 585 815 628 frigida
831 596 914 618 rura

166 631 365 675 Carpamus,
382 631 467 664 dum
483 642 586 664 mane
602 642 741 673 novum,
759 630 844 663 dum
861 631 1019 673 gramina
1035 634 1171 674 canent,
1340 627 1345 673 l

165 675 212 710 Et
228 688 282 710 ros
299 677 336 710 in
354 681 473 710 tenera
490 677 605 721 pecori
621 676 839 720 gratissimus
856 676 971 710 herba.

166 722 266 766 Inde,
284 723 345 756 ubi
364 727 488 766 quarta
506 723 601 755 sitim
617 722 695 755 coeh'
712 722 889 765 collegerit
905 721 999 766 hora,

164 767 212 802 Et
229 772 336 802 cantu
354 768 508 812 querulae
525 771 690 812 rumpent
707 767 847 801 arbusta
865 767 1001 812 eicadae,

164 814 221 847 Ad
238 819 360 858 puteos
377 818 439 848 aut
455 814 529 847 alta
546 825 666 857 greges
683 813 728 846 ad
746 817 870 857 stagna
881 814 1005 857 jubeto

166 859 370 893 Currentem
386 860 504 903 ilignis
521 864 641 904 potare
658 859 836 892 canalibus
853 860 1001 893 undam:
1218 861 1288 894 330

163 905 323 939 AEstibus
340 910 377 939 at
394 906 516 939 mediis
533 906 729 939 umbrosam
746 905 926 948 exquirere
943 905 1080 950 vallem,

165 950 283 985 Sicubi
300 963 428 995 magna
445 952 470 984 J
473 951 545 984 ovis
562 952 705 995 antiquo
721 951 840 984 robore
858 962 1003 994 quercus

166 997 331 1041 Ingentes
348 997 472 1030 tendat
489 1009 621 1038 ramos3
646 1000 710 1030 aut
727 996 837 1029 sicubi
854 997 994 1040 nigrum

165 1042 308 1076 Ilicibus
326 1042 452 1076 crebris
470 1054 566 1076 sacra
582 1054 705 1075 nemus
723 1042 868 1075 accubet
884 1042 1018 1076 umbra.

164 1087 254 1121 Tum
271 1092 392 1122 tenues
410 1089 491 1122 dare
506 1100 625 1122 rursus
642 1099 760 1132 aquaS,
777 1092 812 1121 et
829 1099 967 1132 pascere
983 1099 1102 1122 rursus

164 1134 252 1168 Solis
270 1135 314 1168 ad
332 1146 501 1177 occasum,
521 1146 630 1178 quum
647 1134 796 1177 frigidus
813 1135 896 1167 aera
913 1145 1033 1178 vesper

163 1179 358 1224 Temperat,
377 1185 411 1214 et
429 1180 538 1214 saltus
554 1180 666 1213 reficit
678 1182 754 1224 jam
769 1180 903 1213 roseida
921 1180 1015 1222 luna,

162 1225 350 1270 Litoraque
367 1226 535 1269 alcyonen
551 1231 724 1267 resonant,
741 1225 965 1259 acalanthida
982 1226 1089 1260 dumi.

165 1271 257 1312 Quid
274 1272 339 1305 tibi
356 1277 508 1316 pastores
526 1272 653 1315 Libyae,
673 1272 756 1315 quid
773 1283 903 1315 pascua
918 1283 1021 1305 versu

162 1316 364 1361 Prosequar,
382 1322 418 1350 et
434 1318 520 1350 raris
537 1317 696 1350 habitata
712 1317 864 1361 mapalia
882 1318 983 1350 tectis
997 1317 1010 1351 2
1217 1319 1285 1352 340

162 1362 261 1408 Saepe
278 1364 370 1396 diem
386 1368 603 1407 noctemque,
621 1367 655 1396 et
672 1367 787 1396 totum
804 1374 848 1396 ex
865 1363 984 1396 ordine
1000 1375 1155 1397 mensem

162 1408 324 1442 Pascitur
340 1409 438 1453 itque
455 1421 560 1453 pecus
577 1409 681 1452 longa
698 1410 735 1441 in
753 1409 888 1442 deserta
905 1409 979 1442 sine
995 1409 1077 1442 ullis

161 1454 355 1499 Hospitiis:
381 1459 523 1488 tantum
539 1455 653 1499 campi
665 1456 769 1499 jacet.
819 1454 944 1488 Omnia
961 1466 1078 1488 secum

160 1501 403 1534 Armentarius
421 1500 505 1534 Afer
522 1501 606 1544 agit,
625 1505 826 1544 tectinnque
845 1501 1036 1545 Laremque

160 1546 336 1590 Armaque
354 1547 639 1590 Amyclaeumque
656 1558 778 1579 canem
795 1546 1017 1590 Cressamque
1033 1546 1233 1591 pharetram
1248 1557 1257 1582 ε

159 1591 239 1626 Non
258 1603 354 1625 secus
372 1604 411 1625 ac
429 1593 551 1636 patriis
568 1604 646 1625 acer
663 1592 840 1625 Romanus
856 1592 894 1625 in
911 1593 1014 1626 armis

160 1636 297 1681 Injusto
316 1637 380 1671 sub
396 1638 488 1671 fasce
505 1638 599 1671 viam
616 1650 725 1681 quum
742 1639 862 1682 carpit,
881 1642 916 1671 et
933 1638 1024 1671 hosti

158 1683 253 1717 Ante
271 1688 512 1728 exspectatum
529 1685 650 1727 positis
669 1688 739 1717 stat
756 1684 793 1716 in
811 1684 949 1728 agmine
967 1684 1098 1719 castris.

158 1729 208 1762 At
224 1741 304 1773 non,
323 1741 390 1773 qua
407 1729 559 1774 Scythjae
576 1734 697 1773 gentes
715 1730 925 1774 Maeotiaque
940 1730 1046 1773 unda,
1343 1759 1345 1762 .

157 1773 332 1810 Turbidus
349 1780 384 1810 et
401 1780 564 1821 torquens
580 1776 749 1811 flaventes
768 1776 888 1810 Hister
904 1787 1036 1820 arenaS,
1214 1778 1284 1813 350
1331 1779 1345 1815 s<
