1345 1927
122 66 187 98 190
430 59 468 94 Ρ.
487 56 691 93 VIRGILII
717 53 931 90 MARONIS

121 129 292 163 Attonitis
308 128 438 162 haesere
454 127 590 169 animis,
608 134 818 169 superosque
835 120 967 166 precati

120 175 291 209 Trinacrii
308 174 501 218 Teucrique
519 172 604 206 viri:
631 181 694 204 nec
710 169 886 203 maximus
903 177 1004 200 omen
1176 165 1244 198 530

121 221 257 255 Abnuit
273 221 401 254 AEneas
416 232 424 260 ;
450 218 508 253 sed
526 217 648 251 laetum
664 215 847 259 amplexus
865 213 1016 247 Accsten

121 267 328 301 Muneribus
344 265 504 300 cumulat
521 263 666 308 magnis,
685 273 725 295 ac
743 260 830 294 talia
845 259 963 293 fatur:

127 316 146 330 ‘⁶
160 312 273 355 Sume,
291 317 388 357 pater
402 324 411 352 ;
435 323 517 345 nam
535 316 569 345 te
586 311 697 344 voluit
713 320 775 343 rex
791 316 939 350 magnus
956 302 1097 348 Olympi

122 355 264 389 Talibus
281 353 444 398 auspiciis
461 356 633 386 exsortem
650 351 776 383 ducere
793 349 947 382 honores.

124 401 239 445 Ipsius
257 400 419 434 Anchisae
435 397 586 442 longaevi
603 397 668 431 hoc
684 407 813 429 munus
830 393 981 437 habebis,

124 447 266 480 Cratera
283 447 489 490 impressum
506 443 623 487 signis,
641 454 745 487 quem
762 441 931 474 Thracius
948 440 1032 474 olim

123 493 285 526 Anchisae
302 491 451 535 genitori
468 490 505 522 in
521 500 648 532 magno
664 499 808 521 munere
826 487 960 520 Cisseus

124 538 228 572 Ferre
245 538 297 571 sui
315 537 457 571 dederat
473 538 740 568 monumentum
757 537 792 567 et
809 533 937 577 pignus
953 527 1110 567 amoris.”

124 584 181 618 Sic
198 584 293 617 fatus
310 582 422 626 cingit
438 580 606 615 viridanti
622 586 780 623 tempora
796 579 906 621 lauro,

125 630 172 664 Et
188 630 340 674 primum
357 632 440 662 ante
458 638 576 660 omnes
593 626 759 659 victorem
776 624 932 669 appellat
949 624 1108 658 Acesten.
1178 624 1247 656 540
1304 627 1309 667 [¹

124 676 158 710 N
160 687 198 709 ec
214 676 326 709 bonus
343 674 516 717 Eurytion
533 672 678 717 praelato
694 671 824 704 invidit
840 670 964 704 honori
978 682 988 711 ;

127 721 294 763 Quamvis
312 720 404 754 solus
421 730 521 753 avem
538 718 623 751 coelo
640 717 767 761 dejecit
783 716 828 750 ab
844 716 925 750 alto.

125 767 311 801 Proximus
328 766 524 810 ingreditur
541 764 649 806 donis,
668 764 729 807 qui
746 762 888 796 vincula
903 762 1002 806 rupit
1016 774 1025 804 ;

125 814 324 856 Extremus,
344 811 478 846 volueri
495 811 556 855 qui
573 810 653 843 fixit
669 809 840 843 arundine
856 808 999 842 malum.

173 860 222 893 At
238 864 338 903 pater
354 858 494 900 AEneas,
511 856 668 889 nondum
685 855 873 888 certamine
889 854 1003 897 misso,

127 905 314 940 Custodem
330 904 374 938 ad
392 915 464 937 sese
480 902 710 945 comitemque
727 900 878 945 impubis
897 900 968 933 Iuli

127 951 306 1029 ‘'ffffi‘ssess
322 946 1034 1028 ἔοὲἳῦᾈθέῗὲἓᾞῗ-ἱξὲᾞέῗεἢῑῗὲἰῗυὶῃ

131 1041 268 1084 Agmen
286 1006 392 1071 hgasset
409 1005 536 1078 secs1<im‚
553 1002 748 1081 c’msdsqug
757 1000 927 1071 instrugt
942 1046 1120 1081 equorum

130 1086 247 1119 Ducat
263 1095 328 1117 avo
344 1088 486 1125 turmas,
504 1088 538 1115 et
556 1093 627 1115 sese
643 1082 805 1115 ostendat
819 1083 858 1117 in
874 1083 989 1124 annis,
1181 1083 1249 1115 550

130 1129 226 1172 Dic‚'’
244 1130 305 1163 ait.
356 1127 436 1171 Ipse
454 1137 592 1159 omnem
609 1124 712 1169 longo
729 1126 891 1160 decedere
907 1128 998 1161 circo

128 1172 293 1206 Infusum
309 1176 488 1216 populum,
506 1176 541 1204 et
558 1183 696 1215 campos
708 1170 810 1215 jubet
827 1182 898 1205 esse
914 1174 1085 1215 patentes.

126 1218 305 1251 Incedunt
321 1218 429 1262 pueri,
447 1218 644 1262 pariterque
661 1221 743 1251 ante
760 1228 819 1250 ora
834 1222 1022 1261 parentum

128 1263 289 1297 Frenatis
306 1264 425 1297 lucent
441 1265 478 1297 in
495 1264 592 1307 equis
606 1275 613 1297 :
639 1274 724 1307 quos
740 1263 852 1297 omnis
868 1268 990 1298 euntes

128 1309 316 1344 Trinacriae
333 1310 460 1343 mirata
476 1310 595 1343 fremit
612 1309 791 1353 Trojaeque
803 1311 982 1353 juventus.

129 1355 298 1389 Omnibus
315 1357 352 1389 in
368 1367 499 1390 morem
516 1360 616 1389 tonsa
632 1367 730 1389 coma
747 1367 864 1399 pressa
880 1367 1027 1390 corona:

129 1401 260 1435 Cornea
276 1402 360 1436 bina
376 1403 496 1435 ferunt
513 1401 655 1446 praefixo
672 1401 815 1435 hastilia
832 1402 933 1445 ferro,

128 1447 213 1481 Pars
230 1448 323 1481 leves
340 1448 483 1481 humero
501 1449 682 1492 pharetras
696 1460 705 1488 ;
730 1448 759 1481 it
776 1452 914 1492 pectore
931 1459 1066 1482 summo

128 1493 273 1527 Flexilis
290 1494 418 1528 obtorti
434 1506 496 1538 per
512 1494 640 1527 collum
657 1493 808 1527 circulus
825 1494 911 1528 auri.

127 1539 209 1573 Tres
227 1540 386 1584 equitum
402 1552 546 1574 numero
563 1544 699 1582 turmae,
715 1540 877 1584 ternique
893 1543 1068 1584 vagantur
1181 1542 1250 1574 560

127 1585 297 1619 Ductores
311 1599 320 1627 ς
345 1586 443 1630 pueri
462 1586 513 1619 bis
531 1586 604 1619 seni
622 1597 794 1629 quemque
811 1586 920 1619 secuti

126 1631 278 1675 Agmine
294 1632 425 1676 partito
441 1632 590 1676 fulgent,
608 1631 819 1676 paribusque
834 1632 1019 1676 magistris

127 1677 207 1711 Una
224 1678 314 1712 acies
326 1679 509 1721 juvenum,
527 1677 625 1711 ducit
643 1689 748 1722 quam
764 1689 893 1722 parvus
909 1682 1073 1711 ovantem

126 1722 262 1758 Nomen
279 1725 336 1758 avi
352 1724 503 1759 referens
520 1724 690 1768 Priamus,
706 1729 769 1758 tua
786 1724 889 1768 clara,
907 1724 1029 1767 Polite,
