1345 1927
98 81 161 112 150
398 78 435 112 P.
463 77 670 112 VIRGILII
698 77 912 111 MARONIS

95 145 236 178 Laevam
253 148 380 179 cuncta
397 145 516 178 cohors
532 146 635 178 remis
652 145 834 188 ventisque
853 144 987 188 petivit.

95 191 265 224 Tollimur
282 190 318 223 in
336 191 461 224 coelum
478 196 621 224 curvato
638 192 786 234 gurgite,
806 195 840 224 et
859 190 951 223 idem

95 236 276 270 Subducta
292 236 336 269 ad
354 248 471 270 manes
489 237 574 269 imos
591 237 778 270 desidimus
798 237 900 269 unda.

96 282 162 315 Ter
178 282 311 326 scopuli
329 282 512 315 clamorem
530 282 621 315 inter
638 294 722 316 cava
740 294 824 315 saxa
842 281 988 315 dedere:

97 327 162 361 Ter
179 339 340 372 spumam
357 327 476 361 elisam
495 333 529 361 et
546 329 699 361 rorant-ia
718 328 868 361 vidimus
885 332 988 360 ast-ra.

98 373 236 406 Interea
253 374 357 406 fessos
375 378 499 406 ventus
517 385 596 406 cum
613 374 682 406 sole
699 373 841 417 reliquit
851 385 859 414 ;

99 418 288 462 Ignarique
305 419 370 452 viae
389 419 578 462 Cyelopum
594 419 780 452 allabimur
797 419 872 452 oris.

147 465 303 498 “Portus
320 464 364 498 ab
381 475 519 497 accessu
538 469 718 497 ventorum
735 464 908 503 immotum,
926 466 961 496 et
979 463 1101 505 ingens
1149 463 1217 497 570

99 508 179 552 Ipse
194 521 203 549 ;
228 509 288 541 sed
304 508 472 541 horrificis
485 510 592 552 juxta
609 512 709 542 tonat
726 509 833 542 AEtna
850 509 973 551 ruinis,

99 554 353 597 Interdumque
370 558 483 587 atram
499 555 694 597 prorumpit
711 554 754 587 ad
772 554 902 587 aethera
919 554 1057 597 nubem,

99 599 252 633 Turbine
271 600 467 632 fumantem
484 599 580 643 piceo
597 603 632 632 et
649 599 819 633 candente
835 599 957 633 favilla
971 612 980 640 ;

98 645 312 689 Attolh'tque
329 645 446 688 globos
462 645 691 687 flammarum,
709 649 744 677 et
762 645 873 678 sidera
889 645 1036 679 lambit:

100 690 285 724 Interdum
302 690 457 735 scopulos
475 690 663 734 avulsaque
680 691 812 724 viscera
827 690 956 724 montis

99 736 215 780 Erigit
232 740 402 779 eructans,
419 736 678 780 liquefactaque
696 748 780 769 saxa
797 736 860 769 sub
877 747 980 770 auras

101 782 189 815 Cum
205 782 339 825 gemitu
356 782 534 825 glomerat,
551 782 729 825 fundoque
746 786 918 815 exaestuat
934 782 1013 817 imo.

101 827 210 861 Fama
227 832 288 871 est,
306 827 475 860 Enceladi
492 828 696 861 semiustum
713 827 861 861 fulmine
879 839 1002 872 corpus

102 873 226 916 Urgeri
243 873 333 906 mole
350 873 426 915 hac,
444 873 690 917 ingentemque
707 873 849 917 insuper
861 873 1008 906 AEtnam

102 918 308 962 Impositam
324 919 438 963 ruptis
454 919 629 952 flammam
646 919 820 963 exspirare
838 919 983 952 caminis
997 931 1006 960 ;
1154 919 1223 952 580

102 964 149 997 Et
162 965 292 997 fessum
309 965 442 1008 quoties
459 968 574 998 mutet
590 965 692 1007 latus,
709 965 894 998 intremere
911 976 1050 998 omnem

102 1010 284 1043 Murmure
301 1010 525 1053 Trinacriam,
543 1014 578 1043 et
595 1010 721 1043 coelum
738 1010 921 1044 subtexere
938 1011 1045 1045 fumo.

103 1056 251 1089 Noctem
267 1055 366 1089 illam
383 1056 469 1089 tecti
486 1056 581 1089 silvis
598 1056 765 1089 immania
781 1061 937 1089 monstra

104 1101 325 1145 Perferimus,
342 1113 415 1144 nec,
433 1113 510 1146 quae
528 1102 681 1135 sonitum
698 1102 757 1135 det
775 1113 888 1143 causa,
907 1102 1074 1136 videmus.

103 1146 195 1180 Nam
211 1158 323 1191 neque
340 1152 439 1180 erant
456 1152 628 1181 astrorum
645 1147 752 1191 ignes,
769 1159 833 1180 nec
850 1147 988 1181 lucidus
1006 1148 1117 1182 aethra

103 1192 243 1226 Siderea
260 1193 369 1236 polus,
387 1192 530 1226 obscuro
548 1193 607 1225 sed
624 1193 745 1225 nubila
762 1193 865 1234 coelo,
858 1205 865 1212 ·

103 1238 150 1271 Et
167 1238 314 1271 lunam
305 1250 342 1271 m
360 1238 477 1272 nimbo
493 1250 564 1271 nox
580 1238 791 1290 intempesta
807 1238 958 1272 tenebat.

155 1284 328 1317 “Postera
341 1285 487 1327 jamque
505 1284 576 1316 dies
593 1284 703 1326 primo
721 1284 882 1327 surgebat
899 1284 980 1325 Eoo,

105 1325 389 1370 Humentemque
406 1329 541 1360 Aurora
557 1327 636 1371 polo
653 1327 844 1361 dimoverat
861 1327 1045 1361 umbram·
1035 1353 1045 1370 ,

106 1372 223 1413 Quum
240 1372 354 1405 subito
372 1383 390 1405 e
407 1372 513 1415 silvis,
529 1372 640 1405 macie
657 1372 814 1406 confecta
831 1384 1002 1417 suprema,
1158 1374 1226 1407 590

105 1417 224 1460 Ignoti
240 1429 331 1451 nova
347 1417 458 1451 forma
475 1418 541 1451 viri
557 1418 822 1462 miserandaque
839 1419 939 1452 cultu

105 1463 275 1506 Procedit,
293 1463 510 1508 supplexque
526 1475 650 1497 manus
667 1464 712 1497 ad
729 1464 832 1498 litora
848 1465 972 1499 tendit.

105 1509 332 1552 Respicimus.
372 1509 458 1542 Dira
475 1509 623 1552 illuvies,
640 1510 862 1554 immissaque
878 1510 995 1554 barba,

105 1554 310 1588 Consertum
327 1558 492 1607 tegumen
510 1555 639 1599 spinis.
666 1559 703 1589 at
720 1560 834 1589 cetera
852 1556 984 1599 Graius,

103 1600 151 1633 Et
169 1600 345 1644 quondam
362 1601 484 1645 patriis
501 1601 545 1634 ad
564 1601 701 1644 Trojam
718 1602 841 1634 missus
858 1602 895 1634 in
911 1601 1025 1636 armis.

105 1646 209 1689 Isque
225 1646 286 1679 ubi
302 1646 496 1680 Dardanios
513 1646 654 1680 habitus
672 1651 707 1680 et
723 1647 826 1680 Tro'ia
843 1647 933 1681 vidit

104 1691 212 1725 Arma
229 1692 360 1735 procul,
378 1692 524 1736 paulum
541 1697 686 1737 aspectu
702 1693 911 1726 conterritus
927 1693 1038 1736 haesit,

105 1737 354 1782 Continuitque
371 1738 520 1782 gradum
533 1751 543 1780 3
568 1750 649 1772 mox
667 1750 738 1772 sese
754 1739 799 1773 ad
815 1738 919 1773 litora
935 1750 1086 1783 praeceps
