1320 1932
545 92 707 127 GULEX.
1119 89 1187 124 379

71 161 156 197 sslas
172 160 376 205 Triptolemi
392 160 546 194 mutavit
563 160 679 193 sulcus
695 159 819 193 aristis.

71 207 150 250 Hic,
167 218 336 250 magnum
353 206 476 249 Argoae
492 205 576 238 navi
592 205 706 248 decus,
724 205 818 238 edita
834 205 938 248 pinus

70 252 232 287 Proceras
249 252 387 285 decorat
404 251 506 285 silvas
522 251 658 284 hirsuta
674 262 735 294 per
751 255 867 290 artus;

73 299 220 343 Appetit
236 298 346 331 aereis
363 297 564 340 contingere
579 296 756 329 montibus
774 301 867 329 astra

72 344 167 377 Ilicis
184 348 219 377 et
234 344 344 386 nigrae
361 343 500 386 species,
517 346 552 375 et
568 342 650 375 laeta
667 352 847 385 cupressus
865 353 873 381 ;

70 389 317 432 Umbrosaeque
332 392 477 421 manent
492 388 604 430 fagus,
621 387 824 430 hederaeque
841 386 990 429 ligantes

69 432 228 478 Brachia,
245 435 414 467 fraternos
430 433 577 477 plangat
593 444 636 466 ne
653 432 803 477 populus
820 432 910 465 ictus
928 444 936 471 ;
1123 430 1191 463 140

71 480 232 524 Ipsaeque
249 479 423 513 excedunt
439 479 484 512 ad
501 490 636 511 summa
653 478 835 511 cacumina
851 477 966 519 lentae,
1028 499 1032 502 -

71 524 298 569 Pinguntque
315 524 470 558 aureolos
488 524 592 557 viridi
609 524 739 568 pallore
757 522 935 566 corymbos
950 535 958 563 ;

71 571 176 612 Queis
193 571 313 604 aderat
330 570 455 603 veteris
470 575 607 612 myrtus
625 581 694 602 non
711 569 827 602 nescia
843 568 918 601 fati.

69 617 120 650 At
135 616 290 650 volucres
307 615 438 660 patulis
454 615 644 648 residentes
661 614 779 647 dulcia
795 614 900 647 ramis

71 661 234 697 Carmina
250 673 311 705 per
328 661 439 694 varios
456 660 566 693 edunt
578 660 776 693 resonantia
793 664 926 692 cantus.

71 706 138 740 His
155 707 294 740 suberat
310 706 433 749 gelidis
449 717 595 738 manans
613 717 631 738 e
647 705 802 738 fontibus
819 705 925 746 unda,

71 752 155 793 Quae
172 752 306 786 levibus
322 751 501 795 placidum
516 751 600 784 rivis
618 756 717 784 sonat
734 755 808 783 orta
824 750 995 793 liquorem
1009 760 1018 789 3

70 796 128 842 Et,
145 809 345 842 quanquam
361 797 517 839 geminas
534 797 651 830 avium
668 807 736 829 vox
750 795 918 838 obstrepit
936 805 1046 836 aures,

71 842 174 877 Hanc
191 842 346 887 querulae
362 842 519 875 referunt
536 853 644 883 voces,
662 841 759 884 queis
775 841 899 874 nantia
915 840 999 872 limo

70 888 219 932 Corpora
235 887 381 932 lympha
397 887 501 920 fovet.
551 885 692 920 Sonitus
709 886 774 919 alit
791 886 881 919 aeris
899 884 1006 928 Echo,
1126 884 1192 916 150

69 934 214 977 Argutis
231 939 266 967 et
283 936 411 966 cuncta
428 932 583 965 fremunt
600 932 721 965 ardore
739 931 876 965 cicadis.

70 981 119 1013 At
135 980 226 1012 circa
242 978 371 1023 passim
386 978 484 1011 fessae
503 977 652 1011 cubuere
670 977 822 1021 capellae,

70 1024 295 1068 Excelsisque
311 1035 415 1067 super
431 1023 556 1066 dumis,
574 1034 657 1066 quos
675 1023 800 1056 leniter
817 1021 937 1055 afflans

70 1069 169 1104 Aura
185 1069 395 1103 susurrantis
412 1068 521 1112 possit
538 1068 749 1101 confundere
766 1067 872 1101 venti.

117 1115 250 1158 Pastor,
266 1119 308 1148 ut
324 1114 369 1147 ad
385 1114 518 1147 fontem
535 1113 641 1146 densa
657 1113 828 1156 requievit
845 1113 883 1145 in
899 1111 1034 1155 umbra,

70 1160 198 1195 Mitem
215 1160 374 1203 concepit
390 1160 566 1203 projectus
578 1157 733 1192 membra
750 1169 914 1202 soporem,

70 1206 210 1241 Anxius
225 1205 361 1239 insidiis
378 1204 485 1237 nullis
500 1216 506 1237 :
533 1204 592 1237 sed
608 1204 725 1237 lentus
742 1204 779 1236 in
796 1203 911 1236 herbis

71 1251 198 1286 Securo
215 1262 346 1295 pressos
364 1261 481 1283 somno
497 1249 725 1282 mandaverat
743 1254 838 1282 artus
853 1260 860 1282 :

71 1297 210 1331 Stratus
226 1296 326 1329 humi
343 1295 482 1328 dulcem
499 1295 657 1338 capiebat
674 1294 774 1327 corde
791 1294 944 1338 quietem
960 1304 968 1327 :

70 1342 119 1376 Ni
134 1343 205 1376 fors
221 1343 370 1375 incertos
383 1340 542 1383 jussisset
559 1340 684 1374 ducere
702 1351 811 1373 casus.
1126 1338 1193 1370 160

71 1387 163 1421 Nam
180 1388 323 1421 solitum
339 1386 479 1419 volvens
498 1385 542 1418 ad
559 1390 696 1429 tempus
713 1384 883 1418 tractibus
900 1384 1009 1417 isdem

73 1433 241 1467 Immanis
260 1432 354 1466 vario
370 1431 567 1464 maculatus
585 1442 724 1474 corpore
741 1441 889 1474 serpens,

72 1479 208 1512 Mersus
225 1482 266 1511 ut
282 1478 320 1510 in
336 1477 419 1509 limo
435 1487 562 1519 magno
580 1476 772 1509 subsideret
789 1479 877 1508 aestu

74 1523 184 1558 Obvia
200 1523 354 1556 vibranti
371 1533 513 1565 carpens
530 1522 645 1564 gravis
662 1522 744 1554 aera
759 1521 893 1564 lingua,

73 1569 278 1613 Squamosos
295 1568 366 1601 late
383 1567 567 1610 torquebat
582 1566 733 1599 motibus
751 1566 856 1599 orbes.

73 1613 257 1648 Tollebant
274 1624 366 1646 aurae
383 1612 555 1645 venientis
572 1612 616 1645 ad
634 1612 749 1645 omnia
765 1612 868 1645 visus.

73 1660 98 1694 J
101 1672 157 1693 am
173 1659 284 1702 magis
302 1663 407 1702 atque
422 1657 534 1701 magis
552 1668 673 1701 corpus
689 1657 879 1690 revolubile
897 1656 1038 1689 volvem

73 1705 218 1739 Attollit
234 1704 355 1737 nitidis
372 1707 493 1747 pectus
510 1702 714 1745 fulgoribus,
732 1706 767 1736 et
784 1713 819 1735 se

75 1750 225 1784 Sublimi
242 1749 374 1783 cervice
390 1748 484 1792 rapit
497 1760 506 1789 ;
532 1748 590 1781 cui
607 1749 711 1782 crista
729 1759 876 1792 superne
