1345 1927
138 90 207 123 360
440 87 478 122 Ρ.
505 87 711 122 VIRGILII
738 87 954 122 MARONIS

139 155 348 189 Murranum
365 155 432 198 hic,
449 160 569 189 atavos
586 159 621 189 et
637 167 781 189 avorum
799 155 945 199 antiqua
961 157 1142 189 sonantem

139 201 299 243 Nomina,
318 212 379 245 per
395 212 561 245 regesque
579 206 696 235 actum
714 213 824 245 genus
841 212 942 234 omne
959 200 1110 244 Latinos,

140 246 359 291 Praecipitem
378 247 518 291 scopulo
535 253 640 290 atque
658 247 809 290 ingentis
827 246 967 280 turbine
984 247 1060 280 saxi

139 292 297 335 Excutit,
315 293 532 337 effunditque
550 293 637 327 solo:
664 293 757 326 hunc
775 293 847 326 lora
865 297 899 326 et
911 293 1000 336 juga
1016 291 1136 326 subter

140 337 229 372 Prov
232 339 345 372 olvere
363 344 464 372 rotae:
490 339 607 372 crebro
625 350 727 383 super
745 338 877 382 ungula
894 338 997 383 pulsu

141 384 265 428 Incita,
283 396 345 418 nec
363 384 494 418 domini
512 396 703 418 memorum
721 384 900 429 proculcat
916 395 1103 428 equorum;

141 430 206 464 Ille
223 431 339 464 ruenti
358 430 474 474 Hyllo,
493 431 685 475 animisque
704 431 853 464 immane
870 431 1034 464 frementi

141 476 308 519 Occurrit,
327 476 505 520 telumque
523 488 595 509 aur
596 481 646 510 ita
663 477 706 510 ad
725 481 880 520 tempora
897 480 1054 520 torquet:

143 522 211 556 Olli
229 533 290 566 per
306 522 441 566 galeam
460 522 530 555 fixo
548 523 646 555 stetit
664 522 764 555 hasta
782 522 927 555 cerebro.

140 568 296 602 Dextera
312 579 374 601 nec
391 572 454 601 tua
471 572 517 608 te,
536 568 679 602 Graium
696 568 891 610 fortissime,
910 567 1069 612 Cretheu,

141 614 282 658 Eripuit
299 614 434 654 Turn0;
460 625 523 647 nec
540 614 576 646 di
594 619 711 647 texere
730 614 930 658 Cupencum

141 660 253 693 AEnea
270 660 431 694 veniente
449 660 522 700 sui;
549 660 646 693 dedit
663 660 763 694 obvia
780 661 870 693 ferro

141 706 296 749 Pectora,
313 716 376 739 nec
392 706 516 740 misero
533 705 636 750 clipei
653 717 748 740 mora
764 706 896 750 profuit
913 705 1001 739 aerei.

141 752 190 785 Te
208 763 344 796 quoque
361 751 552 785 Laurentes
570 752 742 795 viderunt,
761 751 869 794 AEole,
887 752 1001 796 campi

143 798 324 842 oppetere,
342 802 377 831 et
394 797 464 831 late
482 801 610 832 terram
628 804 846 832 consternere
864 802 979 841 tergo3

143 843 289 887 Occidis,
308 843 446 887 Argivae
464 855 567 888 quem
584 855 653 877 non
671 850 815 888 potuere
832 843 1022 888 phalanges

143 889 312 932 Sternere,
329 900 392 923 nec
410 889 540 923 Priami
556 901 741 933 regnorum
759 900 892 923 eversor
909 889 1080 923 Achilles:

144 935 214 969 Hic
232 935 296 969 tibi
314 935 434 969 mortis
451 940 550 969 erant
567 940 679 978 metae,
697 935 820 969 domus
837 935 910 968 alta
927 934 990 968 sub
1009 935 1073 969 Ida
1095 947 1104 977 ς

144 981 303 1025 Lyrnessi
322 981 444 1014 domus
461 981 543 1024 alta,
562 981 631 1015 solo
649 982 822 1015 Laurente
840 981 1046 1025 sepulcrum.

144 1027 238 1061 Totae
255 1027 340 1061 adeo
358 1038 529 1060 conversae
547 1027 648 1070 acies,
666 1038 853 1070 omnesque
870 1027 997 1070 Latini,

146 1074 272 1107 Omnes
289 1073 521 1107 Dardanidae:
548 1073 763 1115 Mnestheus,
781 1084 927 1116 acerque
944 1072 1110 1116 Serestus,

145 1119 192 1153 Et
210 1119 390 1163 Messapus
408 1130 535 1162 equum
554 1119 712 1161 domitor,
729 1124 765 1152 et
781 1119 881 1152 fortis
900 1118 1033 1162 Asyhzs,

146 1165 405 1217 Tuscorumque
423 1165 589 1209 phalanx,
608 1146 830 1208 Evan'drique
849 1165 996 1198 Arcades
1015 1166 1097 1199 alae:

146 1211 213 1245 Pro
231 1223 266 1244 se
283 1211 429 1255 quisque
447 1211 512 1245 viri
529 1222 665 1244 summa
682 1211 845 1244 nituntur
862 1222 968 1263 opum
987 1211 1028 1244 vi.

147 1257 180 1291 N
183 1269 220 1291 ec
238 1269 343 1299 mora,
362 1268 424 1290 nec
440 1257 601 1300 requies;
626 1263 723 1290 vasto
741 1257 930 1290 certamine
948 1257 1108 1291 tendunt.

195 1303 264 1337 Hic
280 1309 434 1336 mentem
451 1303 571 1336 AEneae
589 1303 748 1346 genetrix
767 1303 1000 1347 pulcherrima
1016 1303 1122 1347 misit,

149 1349 222 1383 Iret
238 1353 279 1382 ut
297 1349 340 1382 ad
358 1360 482 1390 muros,
500 1348 647 1392 urbique
664 1349 860 1382 adverteret
877 1360 1002 1392 agmen

151 1395 265 1438 Ocius,
283 1399 318 1429 et
335 1394 451 1428 subita
468 1394 625 1428 turbaret
642 1395 739 1428 clade
758 1395 908 1428 Latinos.

151 1441 225 1484 Ille,
243 1446 284 1474 ut
302 1441 477 1483 vestigans
495 1440 631 1474 diversa
649 1452 708 1485 per
725 1441 866 1483 agmina
884 1441 1040 1474 Turnum

152 1487 232 1520 Huc
249 1492 354 1530 atque
372 1486 440 1520 huc
457 1487 546 1520 acies
564 1487 790 1529 circumtulit,
809 1487 934 1530 aspicit
951 1486 1072 1520 urbem

151 1533 348 1566 Immunem
367 1533 456 1566 tanti
476 1532 566 1576 belli,
584 1537 691 1576 atque
708 1533 850 1577 impune
868 1533 1032 1577 quietam.

152 1579 324 1612 Continuo
342 1590 468 1623 pugnae
485 1578 645 1612 accendit
661 1579 800 1623 majoris
817 1578 948 1622 imago:

152 1623 337 1658 Mnesthea
370 1624 638 1668 Sergestumque
656 1629 756 1658 vocat
773 1624 965 1668 fortemque
983 1623 1167 1668 Serestum,

153 1669 332 1713 Ductores,
351 1671 596 1714 tumulumque
613 1670 716 1714 capit,
735 1682 802 1714 quo
820 1674 934 1703 cetera
951 1670 1122 1704 Teucrum

154 1715 336 1749 Concurrit
354 1716 463 1759 legi03
489 1727 551 1749 nec
569 1721 666 1749 scuta
684 1720 746 1749 aut
764 1716 897 1760 spicula
914 1716 1012 1749 densi

147 1761 351 1807 Deponunt.
402 1761 496 1795 Celso
514 1762 648 1795 medius
665 1766 761 1796 stans
778 1773 903 1806 aggere
919 1762 1031 1797 fatur:

1191 202 1259 234 530

1196 662 1263 693 540

1201 1122 1268 1153 550

1205 1580 1272 1612 560
