1320 1932
379 84 596 119 AENEIDOS
621 85 708 118 LIB.
735 84 836 119 VIII.
1095 89 1163 122 253

47 152 262 196 Conjunxere
279 152 355 195 tibi,
372 156 408 185 et
424 152 507 185 fatis
524 163 624 195 egere
641 151 823 185 volentem.

46 198 239 240 Dardanus,
258 197 375 230 Iliacae
392 198 523 242 primus
539 201 640 241 pater
657 197 751 229 urbis
769 200 804 229 et
821 199 952 240 auctor,

46 243 194 286 Electra,
212 246 253 276 ut
271 243 365 276 Graii
382 243 575 287 perhibent,
594 242 776 276 Atlantide
794 245 918 284 cretus,

45 288 240 322 Advehitur
257 288 403 321 Teucros
417 301 426 329 3
451 288 626 321 Electram
643 288 817 321 maximus
834 287 934 321 Atlas

45 333 175 376 Edidit,
193 333 352 367 aetherios
369 334 511 367 humero
528 334 588 377 qui
605 333 753 366 sustinet
770 332 876 366 orbes.

46 379 151 412 Vobis
168 379 360 412 Mercurius
377 383 477 423 pater
493 383 554 421 est,
574 390 675 423 quem
693 379 841 412 candida
858 378 954 412 Maia

45 424 196 468 Cyllenae
213 425 327 468 gelido
345 428 550 469 conceptum
568 425 694 457 vertice
711 424 804 457 fudit
819 436 827 464 ;

44 472 92 503 At
108 470 249 513 Maiam,
267 470 394 504 auditis
412 471 440 503 si
457 470 645 514 quidquam
663 470 843 512 credimus,
861 469 970 513 Atlas,
1094 472 1160 504 140

45 514 142 548 Idem
161 515 258 549 Atlas
274 520 427 559 generat,
445 515 522 548 coeli
539 516 598 559 qui
616 515 728 548 sidera
745 515 850 548 tollit.

44 560 100 594 Sic
117 572 226 604 genus
243 561 422 594 amborum
439 561 566 594 scindit
583 572 618 593 se
635 560 804 612 sanguine
821 560 865 593 ab
882 571 960 594 uno.

45 606 110 639 His
127 607 244 649 fretus,
261 617 331 639 non
347 607 489 649 legatos,
507 617 617 649 neque
634 606 747 649 prima
763 617 824 649 per
840 609 952 638 artem

45 650 274 684 Tentamenta
290 651 344 684 tui
360 651 498 695 pepigi:
523 663 588 693 me,
604 662 660 684 me
676 651 760 695 ipse,
776 662 960 703 meumque

45 696 163 740 Objeci
179 700 294 740 caput,
312 701 347 730 et
364 696 511 740 supplex
528 697 572 729 ad
589 696 712 729 limina
728 696 816 729 veni.

45 742 135 775 Gens
152 742 282 785 eadem,
299 753 375 785 quae
392 746 437 784 te,
455 742 587 775 crudeli
604 741 745 774 Daunia
761 741 852 774 bello

44 787 244 831 Insequitur
260 800 268 827 ;
293 798 354 820 nos
373 788 401 820 si
418 787 562 830 pellant,
579 787 669 820 nihil
686 787 780 820 afore
797 786 954 829 credunt,

45 833 137 873 Quin
155 843 291 865 omnem
308 832 513 876 Hesperiam
530 832 670 876 penitus
689 843 750 865 sua
767 831 830 864 sub
841 833 930 875 juga
946 833 1102 877 mittant,

42 877 90 911 Et
106 889 210 920 mare,
227 878 318 922 quod
335 889 447 921 supra,
464 881 616 920 teneant,
635 877 793 921 quodque
810 877 913 910 alluit
929 877 1030 912 infra.

44 923 178 967 Accipe,
197 923 308 967 daque
325 923 437 956 fidem.
487 922 578 956 Sunt
594 923 691 956 nobis
708 922 813 956 fortia
828 922 919 956 bello
1093 927 1159 958 150

43 967 196 1012 Pectora,
215 973 296 1002 sunt
313 969 430 1011 animi,
449 972 484 1002 et
500 969 600 1002 rebus
618 972 775 1012 spectata
787 967 986 1011 juventus.’'

88 1014 235 1047 Dixerat
250 1014 387 1048 AEneas.
436 1014 501 1047 Ille
518 1025 563 1058 os,
581 1014 762 1057 oculosque
778 1014 959 1057 loquentes

42 1058 67 1092 J
69 1060 270 1102 amdudum,
287 1063 322 1093 et
339 1063 453 1093 totum
469 1059 643 1093 lustrabat
659 1060 792 1092 lumine
809 1070 941 1102 corpus.

42 1104 131 1137 Tum
149 1105 196 1138 sic
213 1116 324 1149 pauca
339 1105 445 1138 refert
459 1117 466 1139 :
492 1105 510 1120 ‘⁴
522 1105 570 1137 Ut
586 1108 630 1147 te,
648 1105 834 1138 fortissime
852 1105 1036 1147 Teucrum,

41 1150 182 1194 Accipio
201 1162 415 1194 agnoscoque
432 1150 542 1184 libens
557 1152 564 1184 2
591 1154 631 1184 ut
648 1150 753 1184 verba
769 1152 933 1194 parentis,

41 1195 88 1228 Et
105 1207 223 1229 vocem
241 1196 400 1229 Anchisae
417 1196 536 1239 magni
553 1196 760 1240 vultumque
776 1196 937 1228 recordor
951 1197 958 1229 Ξ

41 1240 132 1274 Nam
149 1242 292 1274 memini
310 1242 471 1275 Hesionae
488 1241 659 1274 visentem
675 1252 782 1284 regna
799 1241 921 1273 sororis

41 1285 357 1320 Laomedontiaden
374 1287 562 1329 Priamum,
580 1286 757 1320 Salamina
774 1290 961 1329 petentem,

41 1331 212 1365 Protenus
229 1332 384 1365 Arcadiae
402 1332 558 1376 gelidos'
550 1332 698 1365 invisere
714 1332 809 1365 fines.

41 1376 131 1409 Tum
147 1377 235 1410 1111111
251 1378 363 1422 prima
379 1389 484 1421 genas
502 1378 652 1411 vestibat
668 1377 750 1410 flore
762 1378 932 1429 juventa:
1090 1379 1157 1411 160

41 1422 263 1467 Mirabarque
280 1424 384 1457 duces
401 1424 556 1466 Teucros,
573 1423 695 1456 mirabz
696 1435 725 1456 11·
741 1427 776 1456 et
793 1424 907 1467 ipsum

41 1467 379 1502 Laomedontiaden·
371 1495 380 1510 ‚
405 1469 464 1502 sed
481 1450 615 1502 cun⁷ctis
632 1469 735 1502 altior
751 1468 825 1502 ibat

42 1513 218 1547 Anchises.
265 1515 357 1547 Mihi
373 1526 469 1548 mens
481 1515 642 1558 juvenali
658 1514 802 1548 ardebat
819 1525 934 1548 amore

0 1602 1 1606 Ἰ
42 1558 254 1603 Compellare
271 1561 395 1603 virum,
413 1564 448 1594 et
466 1561 596 1594 dextrae
614 1561 821 1612 conjungere
838 1560 1021 1594 dextram:

0 1609 1 1620 ³
40 1604 190 1648 Accessi,
207 1609 242 1639 et
259 1606 406 1658 cupidus
423 1606 556 1639 Phenei
574 1606 638 1639 sub
654 1606 782 1639 moenia
799 1606 894 1639 duxi.

41 1649 106 1683 Ille
122 1650 236 1684 1111111
226 1652 398 1695 insignem
416 1652 615 1696 pharetram
632 1652 823 1696 Lyciasque
841 1651 987 1694 sagittas

41 1695 228 1729 Discedens
245 1697 533 1741 chlamydemque
550 1709 634 1731 auro
651 1698 748 1731 dedit
764 1697 1002 1739 intertextam,

43 1739 222 1786 Frenaque
238 1742 332 1786 bina,
349 1754 446 1776 meus
464 1754 539 1787 quae
555 1755 648 1777 nunc
666 1743 781 1786 habet,
798 1753 912 1785 aurea,
930 1723 1055 1777 Pallas.
