1320 1932
440 74 660 108 AENEIDos
684 75 774 108 ΜΒ.
799 75 840 109 X.
1128 51 1194 109 313

82 140 254 184 Defendit,
271 141 441 174 multosve
458 141 559 185 palus
576 141 774 184 Laurentia,
792 141 880 175 silva

80 185 202 220 Pastus
220 187 420 230 arundinea,
437 191 621 230 postquam
638 187 730 220 inter
745 187 835 220 retia
852 189 996 220 ventum
1014 190 1076 230 est,
1126 187 1193 221 710

79 231 251 275 Substitit,
267 232 515 276 infremuitque
531 233 638 275 ferox,
656 236 691 265 et
706 232 880 265 inhorruit
897 243 1008 265 armos
1024 245 1031 266 ι

76 276 111 309 N
112 289 147 310 ec
165 277 327 321 cuiquam
343 278 445 311 irasci
461 278 646 321 propiusve
662 278 823 311 accedere
840 278 960 321 virtus,

77 321 143 355 Sed
155 323 282 366 jaculis
300 324 453 367 tutisque
471 323 590 366 procul
607 323 812 356 clamoribus
828 323 962 356 instant
978 335 985 357 :

76 366 141 400 Ille
158 371 278 401 autem
294 369 491 412 impavidus
507 372 622 412 partes
640 372 826 402 cimctatur
842 369 879 401 in
896 380 1022 412 omnes,

73 412 247 446 Dentibus
263 414 474 457 infrendens,
492 418 526 447 et
543 418 640 458 tergo
657 414 791 447 decutit
808 414 925 447 hastas
942 426 948 448 :

73 457 181 491 Haud
198 459 308 501 aliter,
321 461 427 503 justae
446 459 570 503 quibus
588 463 639 492 est
656 460 850 493 Mezentius
867 460 935 502 irae,

72 502 151 536 Non
168 504 233 536 ulli
249 509 303 537 est
320 505 458 538 animus
476 505 595 538 stricto
613 516 813 538 concurrere
829 506 919 538 ferro
936 518 944 545 ;

71 548 264 582 Missilibus
281 550 382 593 longe
399 555 434 583 et
450 554 547 584 vasto
565 550 712 583 clamore
729 551 914 584 lacessunt.

73 593 224 628 Venerat
240 596 394 639 antiquis
413 596 555 639 Corythi
572 596 613 628 de
631 596 758 629 finibus
775 596 899 638 Acron,

72 639 196 673 Graius
213 641 323 683 homo,
337 641 483 674 infectos
500 641 660 685 linquens
677 642 845 685 profugus
862 641 1059 685 hymenaeos
1076 653 1082 676 :
1119 642 1185 676 720

71 684 177 718 Hunc
194 685 255 718 ubi
271 687 474 721 miscentem
490 687 592 730 longe
609 687 723 720 media
740 687 881 730 agmina
897 687 996 731 vidit,

70 729 290 774 Purpureum
308 732 429 775 pennis
447 736 481 765 et
498 736 611 776 pactae
629 733 785 776 conjugis
802 736 892 765 ostro
910 744 916 766 ε

70 775 245 820 Impastus
263 776 399 810 stabula
416 777 488 810 alta
505 777 558 810 leo
575 789 638 810 ceu
656 789 745 821 saepe
761 789 996 821 peragrans—

68 820 200 855 Suadet
217 823 309 855 enim
326 834 452 856 vesana
467 822 652 855 fames—si
669 823 757 856 forte
773 823 934 866 fugacem

68 866 256 910 Conspexit
273 879 441 911 capream,
459 872 522 901 aut
539 872 738 912 surgentem
755 868 792 901 in
809 880 938 902 cornua
951 879 1101 911 cervum,

68 912 213 954 Gaudet,
232 913 332 946 hians
350 913 510 957 immane,
527 925 710 957 comasque
727 914 866 957 arrexit,
884 918 919 947 et
935 914 1045 948 haeret

67 957 264 992 Visceribus
282 970 385 1002 super
401 959 606 993 incumbens
624 972 632 1000 ;
657 960 744 993 lavit
760 959 917 1003 improba
933 963 1022 993 teter

68 1002 136 1037 Ora
153 1015 253 1037 cruor
269 1017 275 1037 :

66 1048 122 1082 Sic
138 1049 210 1082 ruit
226 1050 264 1082 in
283 1050 402 1083 densos
420 1050 533 1084 alacer
549 1050 743 1084 Mezentius
760 1050 884 1085 hostes.

65 1094 240 1128 Sternitur
257 1095 381 1128 infelix
398 1095 522 1139 Acron,
539 1101 574 1129 et
591 1096 743 1129 calcibus
760 1100 873 1130 atram
1115 1097 1180 1131 730

64 1139 196 1173 {Fundit
213 1140 360 1173 humum
378 1142 566 1184 exspirans,
583 1142 802 1185 infractaque
819 1142 890 1175 tela
906 1144 1075 1176 cruentat.

64 1186 180 1228 Atque
196 1186 289 1219 idem
305 1186 498 1229 fugientem
514 1187 609 1220 haud
626 1191 678 1220 est
694 1187 859 1231 dignatus
877 1187 1013 1221 Oroden

63 1230 232 1273 Sternere,
249 1243 312 1265 nec
325 1233 422 1275 jacta
438 1243 568 1265 caecum
585 1233 666 1266 dare
683 1233 826 1276 cuspide
842 1233 969 1266 vulnus
986 1245 993 1267 ι

64 1276 193 1309 Obvius
210 1277 421 1320 adversoque
437 1278 596 1320 occurrit,
615 1289 716 1321 seque
734 1279 806 1311 viro
824 1279 877 1311 vir

62 1321 229 1364 Contulit,
246 1322 341 1356 haud
358 1322 451 1356 furto
468 1323 598 1366 melior,
617 1324 676 1356 sed
692 1323 839 1356 fortibus
856 1324 969 1357 armis.

61 1367 149 1400 Tum
167 1379 268 1411 super
285 1367 460 1413 abjectum
477 1369 588 1412 posito
604 1369 692 1412 pede
708 1369 812 1402 nixus
830 1373 865 1402 et
881 1369 982 1402 hasta
998 1380 1006 1402 z

60 1412 145 1446 Pars
163 1413 245 1446 belli
262 1413 358 1446 haud
374 1415 571 1456 temnenda,
590 1415 665 1457 viri,
677 1415 773 1458 jacet
789 1414 882 1448 altus
900 1414 1037 1448 Orodes,

59 1458 286 1492 Conclamant
303 1459 386 1492 socii
402 1459 521 1492 laetum
537 1471 659 1503 paeana
676 1460 794 1494 secuti.

58 1503 123 1537 Ille
142 1508 261 1536 autem
278 1504 478 1548 exspirans:
507 1507 525 1522 “
538 1505 617 1538 Non
634 1517 697 1547 me,
716 1506 926 1549 quicumque
944 1517 989 1549 οε,
1009 1506 1130 1548 inulto,

58 1549 188 1591 Victor,
206 1560 270 1582 nec
287 1549 433 1592 longum
449 1549 609 1584 laetabere
623 1562 630 1584 :
656 1554 691 1584 te
708 1562 844 1595 quoque
861 1552 937 1584 fata
1115 1553 1181 1586 740

60 1594 286 1638 Prospectant
306 1595 413 1638 paria,
432 1600 537 1639 atque
555 1596 674 1629 eadem
690 1607 772 1629 mox
790 1607 872 1630 arva
890 1597 1056 1630 tenebis.’'

58 1639 112 1672 Ad
130 1650 232 1682 quem
249 1639 429 1673 subridens
447 1642 559 1674 mixta
579 1642 771 1676 Mezentius
789 1642 840 1675 ira
856 1655 862 1675 :

59 1684 77 1700 “
89 1684 120 1716 N
123 1695 191 1717 unc
203 1695 343 1718 morere.
362 1685 426 1718 Ast
439 1686 480 1719 de
494 1698 548 1720 me
561 1687 681 1720 divum
694 1692 792 1731 pater
802 1692 908 1731 atque
926 1688 1107 1722 hominum
1119 1700 1180 1732 rex

60 1729 226 1763 Viderit.”
245 1730 322 1764 Hoc
340 1731 457 1764 dicens
474 1732 597 1766 eduxit
614 1743 756 1776 corpore
773 1733 894 1768 telum.
