1345 1927
85 58 154 90 412
386 56 424 90 P.
443 55 648 90 VIRGILII
675 55 890 90 MARONIS

86 123 208 157 Victor
224 123 331 167 adest,
347 123 468 167 magni
484 134 653 167 magnum
669 124 774 157 decus
791 135 869 157 ecce
885 123 1065 168 triumphi,

133 169 263 212 Victor,
280 181 350 213 qua
366 174 476 212 terrae,
495 180 631 213 quaque
649 173 772 214 patent
788 169 921 211 maria;

86 214 239 249 Horrida
254 215 442 248 barbaricae
459 219 602 259 portans
618 215 771 259 insignia
787 225 925 259 pugnae,

132 261 283 304 Magnus
300 265 341 294 ut
359 261 512 303 OEnides,
529 266 638 306 utque
656 261 822 305 superbus
840 261 959 305 Eryx,

85 305 119 341 N
121 318 158 340 ec
174 307 291 340 minus
307 306 435 340 idcirco
451 311 584 340 nostros
602 318 801 359 expromere
818 312 943 340 cantus

132 352 320 395 Maximus,
338 356 373 386 et
391 357 527 386 sanctos
544 353 698 397 dignus'
689 353 776 386 inire
793 352 922 386 choros.

86 397 163 431 Hoc
179 399 298 442 itaque
312 379 459 432 'insuetis
471 400 585 442 jactor
600 398 722 442 magis,
740 399 879 442 optime,
897 398 1007 431 curis·
999 416 1056 439 ,—

134 443 226 484 Quid
244 444 286 477 de
303 448 338 477 te
354 444 482 488 possim
500 445 655 487 scribere,
673 444 800 488 quidve
817 443 891 478 tibi,
1160 445 1203 477 10

85 488 256 533 Namque,
273 489 408 523 fatebor
425 490 528 533 enim,
545 501 620 534 quae
637 490 791 523 maxima
809 489 1005 523 deterrendi

131 535 272 578 Debuit,
289 535 453 569 hortandi
469 536 624 569 maxima
640 547 744 568 causa
759 535 838 568 fuit.

85 579 203 614 Pauca
219 585 282 614 tua
298 581 335 614 in
352 586 486 614 nostras
503 586 675 615 venerunt
691 581 846 614 carmina
863 581 1010 625 chartas,

132 627 294 660 Carmina
310 638 390 660 cum
406 627 538 671 lingua,
556 632 633 660 tum
651 627 721 660 sale
738 627 922 670 Cecropi03

85 672 258 716 Carmina,
276 684 354 716 quae
373 673 523 716 Pylium,
541 673 651 706 saeclis
668 677 811 716 accepta
828 653 967 715 futui-is,

132 718 304 761 Carmina,
321 730 398 762 quae
416 718 467 762 Py
470 719 558 752 lium
575 719 712 753 vincere
729 718 836 762 digna
853 729 979 752 senem.

84 763 242 798 Molliter
258 764 315 797 hic
332 764 435 797 viridi
453 764 585 809 patulae
602 765 666 798 sub
684 765 838 808 tegmine
855 775 1002 809 quercus

131 809 251 843 Moeris
268 814 421 854 pastores
438 815 473 843 et
490 810 672 844 Meliboeus
690 814 809 843 erant·
801 837 809 851 ‚

84 854 211 890 Dulcia
223 857 399 899 jactantes
415 856 549 890 alterno
566 857 720 890 carmina
737 868 848 899 versu,

133 901 258 942 Qualia
275 902 459 935 Trinacriae
476 902 599 936 doctus
615 906 711 935 amat
723 902 873 945 juvenis.
1158 903 1204 936 20

83 946 253 981 Certatim
269 947 438 981 ornabant
455 959 572 981 omnes
590 948 747 981 Hero'ida
763 947 836 980 divi
851 960 860 988 ;

131 993 299 1026 Certatim
316 993 406 1026 djvae
423 1005 566 1026 munere
583 1004 728 1037 quaeque
746 1004 816 1026 suo.

83 1038 235 1072 Felicem
252 1043 334 1072 ante
351 1039 436 1072 alias
453 1043 553 1072 tanto
570 1039 735 1083 scriptore
751 1038 923 1083 puellam!

129 1084 251 1118 Altera
266 1096 336 1118 non
352 1084 447 1118 fama
463 1084 592 1118 dixerit
609 1096 681 1118 esse
697 1085 811 1128 prior:

82 1129 162 1164 Non
179 1130 250 1173 illa,
268 1130 502 1174 Hesperidum
517 1131 554 1163 ni
571 1141 714 1163 munere
731 1134 835 1174 capta
851 1130 982 1173 fuisset,

131 1176 215 1217 Quae
233 1176 409 1210 volucrem
426 1188 530 1209 cursu
546 1177 678 1209 vicerat
696 1176 971 1220 Hippomenem;

83 1221 240 1255 Candida
257 1233 384 1266 cycneo
401 1233 471 1255 non
488 1222 582 1255 edita
599 1222 768 1265 Tyndaris
785 1233 867 1264 0v03

129 1267 209 1301 Non
226 1279 348 1312 supero
365 1268 505 1312 fulgens
522 1268 703 1312 Cassiopea
719 1268 821 1311 polo;

81 1311 116 1347 N
118 1325 162 1346 on
179 1313 320 1347 defensa
338 1313 399 1346 diu
415 1313 596 1347 volucrum
614 1313 802 1347 certamine
819 1325 995 1358 equorum,

130 1358 309 1403 Optabant
327 1359 438 1393 Graiae
457 1371 562 1403 quam
579 1359 645 1393 sibi
662 1370 806 1404 quaeque
823 1371 970 1400 manus3
1155 1361 1201 1394 30

83 1403 183 1448 Saepe
199 1405 354 1438 animam
371 1405 489 1448 generi
505 1417 568 1449 pro
585 1417 655 1449 qua
671 1409 771 1449 pater
786 1405 916 1449 impius
932 1405 1063 1449 hausit,

129 1450 228 1494 Saepe
241 1450 345 1484 rubro
362 1451 458 1484 Eleis
476 1452 645 1494 sanguine
661 1451 767 1484 fluxit
783 1451 932 1492 humus3

83 1495 194 1539 Regia
210 1507 280 1529 non
298 1496 439 1539 Semele,
456 1508 526 1529 non
545 1497 684 1530 Inachis
701 1497 889 1538 Acrisione,

130 1542 281 1575 Immitti
299 1546 505 1586 exspectant
522 1542 670 1576 fulmine
687 1546 722 1575 et
738 1542 847 1576 imbre
864 1543 890 1577 J
891 1554 1008 1577 ovem:

82 1586 190 1630 Cujus
207 1591 243 1620 et
260 1587 302 1620 ob
318 1592 459 1640 raptum
476 1588 569 1632 pulsi
586 1588 716 1632 liquere
733 1593 877 1632 penates

129 1633 312 1676 Tarquinii
329 1634 470 1677 patrios,
486 1633 580 1667 filius
597 1638 702 1677 atque
719 1638 838 1677 pater3

82 1677 245 1721 1110‚quo
261 1679 413 1722 primum
430 1679 628 1713 dominatus
647 1680 756 1712 Roma
773 1679 936 1724 superbos

127 1723 285 1760 Mutavit
302 1725 447 1769 placidis
464 1728 617 1771 tempore
634 1724 841 1761 consulibus.
