1345 1927
427 81 694 117 GEORGICON
719 82 805 117 LIB.
832 82 878 117 ΙΙ.
1167 84 1203 116 51

96 149 193 183 Inter
209 149 302 182 enim
317 149 479 183 labentur
495 161 603 193 aquae,
621 149 804 193 tenuisque
822 149 950 182 subibit

95 195 246 238 Halitus,
264 199 368 238 atque
386 195 517 228 animos
534 195 658 228 tollent
668 198 758 239 sata.
807 195 832 228 J
834 207 902 228 am
894 206 957 238 lue
973 195 1110 239 reperti,
1143 197 1210 230 350

94 240 162 281 Qui
178 252 260 274 saxo
278 252 379 284 super
395 244 498 284 atque
516 240 667 284 ingentis
684 240 832 284 pondere
849 244 948 274 testae

93 286 286 329 Urgerent:
311 286 376 319 hoc
393 286 515 319 effusos
532 286 712 318 munimen
728 286 772 319 ad
790 285 937 328 imbres3

92 331 178 374 Hoc,
195 332 256 365 ubi
273 332 391 365 hiulca
408 332 465 365 siti
481 332 584 364 findit
601 331 695 364 canis
713 332 841 364 aestifer
857 343 949 366 arva.

139 377 334 410 Seminibus
351 377 481 421 positis⁷
500 381 654 421 superest
671 377 842 410 deducere
858 381 987 411 terram

92 421 287 467 Saepius‘ad
305 423 421 467 capita
439 426 473 456 et
491 423 592 456 duros
605 424 739 466 jactare
755 423 922 466 bidentes,

91 468 165 501 Aut
181 480 295 512 presso
313 480 470 501 exercere
489 468 598 501 solum
616 467 679 501 sub
696 480 841 511 vomere,
859 472 894 501 et
911 469 987 513 ipsa

92 513 248 547 Flectere
265 514 440 547 luctantes
457 514 549 547 inter
566 514 685 547 vineta
697 515 864 558 juvencos
879 526 885 547 :

91 559 181 593 Tum
196 559 288 593 leves
306 558 464 602 calamos,
482 564 516 593 et
531 571 617 593 rasae
634 559 776 593 hastilia
792 560 899 603 virgae

91 605 350 649 Fraxineasque
366 608 487 649 aptare
505 605 604 638 sudes
621 605 819 652 1111035Ἡο
821 605 986 650 bicornes,

92 650 232 684 Viribus
249 651 336 684 eniti
353 662 510 695 quarum,
528 654 563 684 et
580 654 798 684 contemnere
815 655 935 684 ventos
1142 654 1209 685 360

91 696 318 739 Assuescant,
329 708 547 749 summasque
566 696 662 740 sequi
679 695 838 730 tabulata
856 709 917 740 pei
933 697 1054 731 ulmos.

138 742 198 785 Ac⁷
216 742 301 775 dum
317 742 429 786 prima
445 742 543 774 novis
560 741 725 774 adolescit
742 742 921 775 frondibus
939 746 1032 786 zetas,

90 787 309 820 Parcendum
325 787 451 820 teneris
467 800 474 827 ;
499 791 544 829 et,
562 787 646 819 dum
664 798 698 819 se
716 787 817 820 laetus
834 788 878 820 ad
895 799 997 821 auras

91 832 226 866 Palmes
243 833 328 876 agit,
345 833 434 866 laxis
451 844 512 876 per
528 843 657 876 purum
673 830 845 865 immissus
852 832 1015 877 'fifflffiffiss

91 878 172 922 Ipsa
188 879 262 912 acie
279 879 434 912 nondum
450 878 549 911 falcis
566 878 745 921 tentanda,
765 878 823 911 sed
839 878 939 911 uncis

91 924 278 968 Carpendae
295 923 455 957 manibus
471 924 619 966 frondes,
637 923 796 967 interque
812 924 978 967 legendae.

91 970 177 1003 Inde
193 969 280 1003 ubi·
265 981 341 1014 Jam
357 969 481 1003 validis
498 969 668 1014 amplexae
686 968 749 1002 stii
750 968 850 1013 pibus
867 970 979 1003 ulmos

90 1012 260 1057 Exierint,
279 1020 356 1049 tum
373 1016 505 1059 stringe
522 1026 645 1058 0011135,
664 1019 741 1048 tum
758 1014 899 1048 brachia
915 1016 1044 1050 tonde:

90 1061 182 1095 Ante
199 1061 426 1095 reformidant
442 1061 593 1102 ferrum3
618 1064 696 1093 tum
713 1061 861 1104 denique
879 1061 966 1095 dura

90 1107 248 1140 Exerce
238 1107 392 1151 lmperia‚
410 1111 445 1140 et
461 1118 572 1140 ramos
590 1118 766 1150 compesce
782 1106 938 1140 fluentes.
1140 1108 1207 1142 370

136 1153 306 1186 Texendae
324 1165 419 1197 sepes
436 1153 552 1196 etiam,
570 1156 605 1186 et
621 1164 725 1196 pecus
743 1164 843 1186 omne
860 1153 1060 1196 tenendum,

90 1198 269 1243 Praecipue
287 1199 372 1232 dum
387 1199 482 1232 frons
499 1202 619 1231 tenera
634 1198 904 1242 imprudensque
921 1198 1099 1233 laborum:

91 1245 164 1288 Oui,
182 1256 284 1288 super
300 1245 462 1288 indignas
479 1244 609 1277 hiemes
627 1244 801 1288 solemque
817 1248 1006 1288 potentem,

90 1289 269 1324 Silvestres
285 1291 340 1323 uri
357 1290 494 1323 assidue
511 1301 641 1334 capreae
667 1301 711 1323 ue
728 1301 889 1333 sequaces
1078 1292 1117 1323 0

90 1336 261 1378 Illudunt,
279 1339 471 1380 pascuntur
487 1347 565 1368 oves
582 1336 639 1369 avi
665 1347 762 1379 aeque
774 1335 945 1379 juvencae.

89 1381 232 1425 Frigora
248 1393 311 1414 nec
328 1383 468 1414 tantum
485 1392 572 1414 cana
588 1385 747 1414 concreta
763 1381 898 1425 pruina,

87 1427 162 1461 Aut
178 1427 292 1471 gravis
308 1426 511 1460 incumbens
529 1426 677 1471 scopulis
694 1426 871 1460 arentibus
889 1430 999 1470 aestas,

89 1473 269 1514 Quantum
286 1473 339 1506 1111
356 1484 503 1506 nocuere
519 1483 649 1516 greges,
667 1473 814 1516 durique
830 1484 1004 1506 venenum

87 1518 222 1561 Dentis,
240 1522 274 1552 et
291 1519 447 1552 admorso
465 1519 602 1562 signata
618 1518 656 1551 in
674 1518 779 1562 stirpe
797 1518 951 1552 cicatrix.

87 1564 167 1598 Non
183 1565 290 1598 aliam
307 1564 348 1597 ob
365 1564 505 1617 culpam
523 1563 658 1597 Baccho
676 1575 778 1608 caper
795 1564 954 1597 omnibus
971 1564 1039 1598 aris
1139 1567 1206 1598 380

88 1610 249 1653 Caeditur,
267 1614 302 1644 et
319 1614 451 1643 veteies
469 1610 592 1643 ineunt
610 1610 786 1662 proscenia
803 1609 887 1652 ludi,

87 1655 303 1700 Praemiaque
319 1655 468 1699 ingeniis
485 1667 590 1699 pagos
607 1659 643 1689 et
659 1656 810 1699 compita
827 1656 957 1688 circum

88 1702 245 1736 Thesidae
262 1713 427 1754 posue1e3
453 1705 497 1734 at
492 1713 557 1745 que
574 1701 665 1734 inter
682 1701 806 1745 pocula
822 1701 896 1734 13011

88 1746 280 1781 Mollibus
271 1759 308 1780 m
324 1747 433 1791 pratis
449 1751 572 1781 unctos
591 1747 723 1781 saluere
739 1759 800 1792 pcr
816 1751 920 1781 utres.
