1345 1927
158 58 227 91 384
469 58 507 93 P.
526 59 729 93 VIRGILII
754 59 970 96 MARONIts

160 124 254 159 Hinc
270 129 345 159 erat
361 127 539 170 oppositus
558 130 678 160 contra
694 126 915 160 Telamonius
931 127 1040 171 heros,

159 170 369 215 Objectoque
386 171 492 205 dabat
510 171 620 216 clipeo
637 172 828 205 certamina
838 185 847 213 ;
872 178 908 206 et
924 172 1022 207 illinc

157 215 288 250 Hector
304 221 388 260 erat,
406 217 515 261 Trojae
532 229 706 250 summum
725 217 965 260 decus‚—acer
980 223 1138 265 uterque,

157 260 377 295 Fulminibus
394 263 478 296 coelo
495 263 605 296 veluti
621 263 738 307 fragor
754 263 868 296 editus
885 263 957 297 alto
969 276 1026 305 3-—

157 306 302 351 Ignibus
319 308 376 341 hic
393 308 541 352 telisque
558 320 671 353 super,
688 309 716 341 si
733 309 898 342 classibus
916 308 1026 353 Argos

155 352 292 397 Eripiat
308 354 459 388 reditus:
485 354 543 387 ille
560 358 601 387 ut
619 354 791 387 Vulcania
808 354 897 387 ferro

156 397 309 432 Vulnera
325 403 502 443 protectus
519 399 689 443 depellere
706 399 854 433 navibus
871 400 986 434 instet.
1202 403 1272 437 320

154 443 231 477 Hoc
248 449 322 478 erat
340 445 497 478 AEacides
514 445 603 478 alter
620 445 758 478 laetatus
776 445 920 479 honore:

153 489 406 534 Dardaniaeque
423 491 511 524 alter
527 491 604 523 fuso
621 490 712 534 quod
730 491 899 533 sangnine
916 491 1047 536 campis

153 534 323 569 Hectoreo
340 537 450 569 victor
465 536 628 573 lustravit
645 547 784 579 corpore
801 536 946 580 Trojam.

153 579 286 614 Rursus
303 581 426 614 acerba
441 582 605 623 fremunt,
623 581 720 614 Paris
738 581 832 614 hunc
850 582 940 625 quod
957 582 1054 626 letat,
1071 586 1107 617 et
1123 583 1230 628 hujus

151 625 255 660 Alma
272 627 359 660 dolis
377 627 492 660 Ithaci
508 627 620 660 virtus
637 627 729 670 quod
747 627 899 661 concidit
914 628 994 662 icta.

152 671 247 705 Huic
263 673 353 716 gerit
369 684 504 706 aversos
521 672 632 716 proles
652 673 793 705 Laertia
810 672 939 716 vultus,

150 716 196 750 Et
208 719 283 760 jam
301 718 490 761 Strymonii
509 718 613 751 Rhesi
631 718 808 761 victorque
825 718 978 761 Dolonis,

150 762 293 797 Pallade
305 765 379 807 jam
396 764 538 797 laetatur
554 775 660 797 ovans
670 776 678 804 ;
703 775 889 807 rursusque
906 764 1077 799 tremiscit

148 808 232 842 Jam
250 809 401 852 Ciconas,
414 811 489 853 jam
501 811 644 853 jamque
661 809 777 842 horret
795 809 1036 853 Laestrygonas
1053 815 1163 845 atrox.

149 854 256 887 Illum
273 854 389 898 Scylla
405 867 514 899 rapax
533 854 675 888 canibus
693 855 870 888 succincta
887 855 1055 898 Molossis,
1194 858 1265 892 330

147 900 373 944 AEtnaeusque
390 901 554 944 Cyclops;
579 900 679 933 illum
696 901 885 934 metuenda
902 901 1102 946 Charybdis,

147 944 392 990 Pallentesque
408 946 513 989 lacus,
531 950 566 979 et
584 945 743 989 squalida
760 946 904 980 Tartara
921 951 1062 982 terrent.

146 991 215 1024 Hic
230 995 268 1025 et
284 992 443 1025 'l’antale‘i
461 992 596 1035 generis
613 992 726 1034 decus,
744 991 881 1035 amplus
898 991 1057 1037 Atrides,=

144 1037 293 1080 Assidet,
310 1037 480 1080 Argivum
496 1038 625 1079 lumen,
642 1048 709 1080 quo
724 1036 865 1070 flamma
879 1043 1021 1081 regente

144 1082 245 1116 Doris
263 1083 507 1116 Erichthonias
524 1083 711 1126 prostravit
727 1083 887 1116 funditus
904 1094 1008 1117 arces.

145 1128 312 1162 Reddidit
329 1129 415 1162 heu!
442 1130 583 1171 gravius
600 1139 719 1172 poenas
736 1128 811 1172 tibi,
830 1128 941 1172 Troja,
957 1130 1085 1174 ruenti,

144 1174 435 1219 Hellespontiacis
452 1173 608 1207 obiturus
624 1174 776 1207 reddidit
793 1174 905 1208 undis.

143 1220 214 1254 Illa
230 1221 322 1254 vices
338 1220 518 1253 hominum
535 1224 664 1253 testata
681 1223 733 1252 est
749 1220 848 1264 copia
864 1220 1048 1265 quondam,

142 1265 196 1299 Ne
213 1266 396 1310 quisquam
414 1266 560 1309 propriae
577 1266 727 1298 fortunae
745 1277 887 1299 munere
904 1266 999 1300 dives

143 1311 215 1345 Iret
231 1312 410 1345 inevectus
427 1312 553 1344 coelum
570 1322 690 1355 super:
716 1322 816 1344 omne
832 1312 1026 1356 propinquo
1187 1315 1256 1348 340

142 1356 333 1400 Frangitur
349 1357 490 1391 invidiae
508 1357 577 1390 telo
595 1357 708 1390 decus,
758 1357 837 1390 Ibat
854 1357 891 1390 in
907 1357 1020 1391 altum

142 1402 204 1436 Vis
222 1405 334 1446 Argea
349 1407 471 1447 petens
487 1402 647 1447 patriam,
666 1403 846 1446 ditataque
863 1403 980 1446 praeda

140 1449 239 1482 Arois
257 1449 512 1482 Erichthoniaez
537 1460 648 1481 comes
665 1448 747 1481 huic
765 1452 839 1481 erat
855 1460 941 1482 aura
957 1449 1109 1484 secunda.

141 1493 207 1528 Per
223 1494 401 1539 placidum
418 1506 521 1528 eursu
538 1494 701 1538 pelagus3
726 1494 848 1527 Nereis
865 1494 909 1528 ad
927 1495 1038 1529 undas

139 1540 246 1584 Signa
263 1540 378 1584 dabat,
396 1552 474 1584 pars
490 1540 628 1573 inflexis
645 1551 747 1584 super
763 1544 843 1573 acta
859 1540 1002 1582 carinis;

140 1585 256 1627 Quum
274 1597 331 1619 seu
350 1586 480 1620 coelesti
496 1586 579 1627 fato,
598 1597 658 1618 seu
675 1585 794 1619 sideris
811 1590 889 1619 ortu

139 1631 303 1675 Undique
319 1635 479 1665 mutatur
496 1631 572 1664 coeli
589 1631 691 1674 nitor,
709 1631 826 1665 omnia
842 1631 964 1675 ventis,

139 1676 264 1711 Omnia
281 1677 478 1711 turbinibus
495 1681 577 1710 sunt
593 1677 708 1710 anxia.
756 1677 781 1710 J
783 1688 839 1710 am
855 1677 960 1711 maris
977 1677 1072 1713 unda

137 1721 313 1757 Sideribus
330 1727 440 1758 certat
457 1734 661 1768 consurgere
671 1735 680 1764 3
699 1723 842 1768 jamque
859 1734 1006 1768 superne
