1320 1932
542 72 674 106 CIRIS.
1096 77 1163 109 399

46 140 174 174 Verum
191 143 271 173 esto.
321 139 416 181 Haec,
434 139 558 181 Minos,
576 139 651 172 illos
670 139 834 173 scelerata
852 140 985 183 putavi,

48 186 84 220 Si
102 189 217 219 nostra
235 188 316 218 ante
333 184 458 228 aliquis
475 185 640 218 nudasset
657 185 787 218 foedera
804 197 911 229 casus,

46 232 222 274 moturos,
240 242 387 274 quorum
404 230 547 274 direptis
564 230 735 264 moenibus
753 231 858 274 urbis,

45 277 72 310 Ο
90 288 152 321 ego
169 276 327 319 crudelis,
344 276 484 309 flamma
501 276 645 309 delubra
661 276 787 320 petivi:

44 323 91 356 Te
108 334 187 356 vero
204 322 332 355 victore
349 322 445 365 prius
463 321 518 354 vel
535 322 646 355 sidera
664 333 783 354 cursus

44 368 227 401 Mutatura
245 379 331 410 suos,
350 379 455 411 quam
473 371 507 400 te
524 367 611 400 mihi
629 368 715 401 talia
731 371 843 411 captae

45 414 236 447 Facturum
252 413 370 446 metui.
419 413 444 446 J
446 424 503 446 am
514 414 590 456 jam
607 413 716 446 scelus
734 414 849 446 omnia
867 413 987 447 vincit.

44 458 126 492 Ten'
144 470 205 502 ego
223 459 301 502 plus
318 458 430 502 patrio
448 458 556 491 dilexi
573 459 710 502 perdita
725 459 854 502 regno?

45 504 127 538 Ten’
145 516 217 548 ego,
235 515 297 537 nec
314 504 451 547 mirum,
469 504 572 538 vultu
589 505 735 548 decepta
752 504 893 548 puella?

45 550 94 584 Ut
111 550 191 593 vidi,
209 554 249 583 ut
266 550 370 594 perii!
397 554 439 583 ut
455 561 510 583 me
526 550 638 583 malus
655 550 802 583 abstulit
819 552 930 585 error!
1096 551 1165 585 430

45 595 123 629 Non
141 595 300 639 equidem
317 607 360 628 ex
377 596 443 629 isto
461 596 595 640 speravi
613 607 751 639 corpore
768 607 866 639 posse

45 641 128 674 'Pale
143 641 276 674 malum
292 642 405 674 nasci:
430 641 541 674 forma
557 641 613 674 vel
631 642 740 674 sidere
757 641 866 675 fallor.

46 686 79 719 N
82 699 126 720 on
143 698 198 719 me
215 687 347 720 deliciis
364 687 549 720 commovit
565 687 660 730 regia
678 687 782 730 dives,

47 732 178 766 Coralio
196 732 321 775 fragili,
340 743 380 766 ac
397 732 522 766 electro
539 733 732 773 lacrimoso,

46 778 105 811 Me
122 789 191 811 non
207 778 366 811 fiorentes
384 778 510 822 aequali
527 789 666 822 corpore
683 778 865 822 nymphae;

46 822 125 856 Non
141 827 254 856 metus
271 824 447 857 incensam
464 824 579 868 potuit
595 824 743 857 retinere
761 825 912 857 deorum.

49 868 173 902 Omnia
190 868 299 902 vincit
315 880 427 903 amor:
453 869 537 912 quid
555 869 647 902 enim
664 881 734 902 non
750 870 904 902 vinceret
921 868 1003 903 ille?

47 914 127 947 Non
142 914 229 947 mihi
241 916 316 958 ¹iam
333 915 457 958 pingui
475 915 651 948 sudabunt
668 918 824 958 tempora
840 914 992 958 myrrha,

49 959 210 993 Pronuba
226 971 289 993 nec
307 964 418 994 castos
435 960 600 994 accendet
617 960 720 1004 pinus
738 960 865 1003 odores,

48 1005 120 1038 Nec
137 1005 241 1049 Libys
254 1005 391 1049 Assyrio
409 1009 582 1039 sternetur
599 1006 748 1039 lectulus
765 1010 864 1039 ostro.
1097 1006 1165 1039 440

49 1050 181 1094 Magna
197 1062 336 1094 queror:
362 1063 425 1084 nec
443 1056 477 1084 et
494 1051 555 1085 illa
572 1051 713 1094 quidem
730 1051 921 1084 communis
938 1050 1081 1085 alumna

50 1096 218 1130 Omnibus
235 1096 364 1140 injecta
381 1097 485 1130 tellus
503 1096 693 1130 tumulabit
711 1108 823 1130 arena.

49 1141 154 1175 Mene
170 1141 261 1174 inter
278 1142 419 1177 comites
435 1143 709 1186 ancillarumque
726 1146 881 1176 catervas

50 1186 153 1220 Mene
170 1187 255 1220 alias
272 1187 373 1230 inter,
389 1188 602 1221 famularum
617 1199 760 1221 munere
778 1188 889 1231 fungi,

51 1232 214 1276 Conjugis
232 1237 337 1277 atque
354 1238 434 1276 tuae,
453 1245 679 1277 quaecumque
696 1234 762 1266 erit
779 1233 850 1276 illa,
867 1233 980 1266 beatae

50 1277 84 1312 N
85 1290 129 1311 on
146 1278 246 1311 licuit
262 1279 422 1321 gravidos
440 1290 544 1322 penso
562 1279 741 1313 devolvere
758 1278 874 1312 fusos?

53 1324 99 1357 At
115 1323 198 1356 belli
215 1324 338 1357 saltem
355 1325 530 1368 captivam
546 1324 622 1367 lege
638 1336 793 1358 necasses
807 1326 815 1357 l

51 1369 76 1402 J
78 1380 135 1403 am
152 1369 248 1402 fessae
267 1369 408 1402 tandem
424 1370 568 1413 fugiunt
585 1370 627 1402 de
644 1381 783 1414 corpore
800 1369 899 1412 vires,

52 1415 97 1448 Et
115 1418 220 1458 caput
237 1415 367 1448 inflexa
384 1415 521 1449 lentum
537 1415 667 1450 cervice
683 1415 865 1457 recumbit,

52 1459 246 1494 Marmorea
263 1460 492 1504 adductisque
509 1461 692 1494 labascunt
709 1461 850 1494 brachia
867 1460 978 1494 nodis.
1097 1461 1166 1495 450

52 1505 231 1549 AEquoreae
249 1510 371 1549 pestes,
386 1507 551 1540 immania
569 1518 709 1550 corpora
725 1507 834 1550 ponti,

52 1551 215 1594 Undique
233 1552 455 1595 conveniunt,
472 1556 507 1585 et
524 1552 647 1596 glauco
665 1552 702 1585 in
719 1552 859 1595 gurgite
876 1551 1008 1584 circum

53 1596 202 1629 Verbere
220 1596 409 1630 caudarum
426 1602 529 1641 atque
547 1598 613 1630 oris
630 1597 841 1631 minitantur
857 1597 968 1630 hiatu,

53 1642 78 1675 J
81 1653 137 1675 am
154 1642 297 1675 tandem
314 1653 411 1676 casus
427 1642 618 1686 hominum,
632 1645 707 1687 jam
723 1643 863 1687 respice,
882 1642 1007 1677 Minos,

54 1686 108 1720 Sit
125 1687 208 1721 satis
225 1688 298 1730 hoc,
316 1691 457 1721 tantum
475 1689 581 1722 solam
598 1689 723 1722 vidisse
740 1689 911 1722 malorum
925 1699 931 1721 :

55 1731 120 1766 Vel
136 1733 209 1767 fato
226 1733 333 1767 fuerit
351 1734 447 1768 nobis
465 1734 539 1768 haec
558 1734 676 1768 debita
693 1734 808 1778 pestis,
