1345 1927
131 73 199 104 314
440 69 477 104 P.
504 71 708 104 VIRGILII
735 70 951 105 MARONIS

133 137 202 170 Olli
219 136 307 170 dura
323 137 420 181 quies
438 138 552 172 oculos
569 141 605 172 et
621 138 751 172 ferreus
768 142 871 181 urget

132 181 280 215 Somnus
297 195 306 223 ;
331 183 368 215 in
385 187 550 217 aetemam
568 184 782 217 clauduntur
798 183 934 217 lumina
949 186 1095 217 noctem.

132 227 286 261 Caedicus
304 228 511 262 Alcathoum
529 229 723 272 obtruncat,
741 229 900 263 Sacrator
918 228 1128 272 Hydaspem

133 272 430 318 Partheniumque
449 275 544 319 Rapo
561 279 596 308 et
613 275 812 318 praedurum
829 274 960 308 viribus
980 274 1105 308 Orsen:

131 318 313 362 Messapus
331 319 558 363 Cloniumque
575 320 856 364 Lycaoniumque
874 320 1054 360 Ericeten3

134 364 241 397 Illum
258 365 403 398 infrenis
420 366 499 409 equi
516 366 617 410 lapsu
633 366 758 399 tellure
771 367 957 409 jacentem,
1181 363 1248 398 750

134 409 240 443 Hunc
257 410 410 454 peditem
427 411 539 455 pedes.
588 411 634 444 Et
651 411 777 454 Lycius
794 414 1004 454 processerat
1021 409 1115 454 Agis,

134 455 245 496 Quem
262 459 378 489 tamen
396 457 491 489 haud
508 468 629 500 expers
647 457 793 490 Valerus
811 456 950 489 virtutis
967 456 1070 489 avitae

133 500 263 543 Dejieit
279 513 286 541 ;
311 506 348 534 at
365 502 556 534 Thronium
573 502 696 543 Salius,
714 501 916 545 Saliumque
933 501 1087 544 Nealces,

136 545 290 589 Insignis
302 547 420 590 jaculo
438 551 472 580 et
489 547 590 590 longe
606 547 750 580 fallente
768 547 906 590 sagitta.

181 592 206 625 J
208 603 265 625 am
281 593 395 635 gravis
414 593 575 636 aequabat
591 590 707 626 luctus
725 596 759 626 et
775 596 900 625 mutua
918 591 1056 625 Mavors

135 636 274 671 Funera
290 650 298 678 ;
324 638 502 671 candebant
519 638 648 682 pariter
665 638 862 682 pariterque
878 637 1027 670 ruebant

136 682 293 716 Victores
309 683 463 727 victique
477 696 485 724 ;
510 695 622 727 neque
639 684 693 716 his
710 684 797 727 fuga
812 687 904 724 nota,
922 693 1034 727 neque
1051 681 1130 717 illis.

135 728 182 763 Di
199 729 224 762 J
226 729 298 762 ovis
315 729 352 761 in
369 729 469 762 tectis
486 729 574 763 iram
590 729 799 762 miserantur
815 729 955 762 inanem

135 774 336 817 Amborum,
354 778 389 808 et
406 778 521 808 tantos
538 774 741 808 mortalibus
758 786 829 807 csse
846 774 978 807 labores
994 785 1002 814 ;

137 820 231 853 Hine
248 820 375 863 Venus,
392 820 475 854 hinc
492 824 613 854 contra
629 824 764 864 spectat
781 820 945 853 Saturnia
961 818 987 852 J
990 830 1067 853 uno.
1186 819 1252 853 760

137 865 274 899 Pallida
291 866 476 909 Tisiphone
492 867 606 899 media
623 866 714 899 inter
730 866 840 898 millia
858 865 965 898 saevit.

137 911 186 944 At
202 923 282 945 vero
298 911 477 955 ingentem
494 912 653 956 quatiens
670 911 866 944 Mezentius
882 911 1019 944 hastam

138 956 310 990 Turbidus
327 957 522 1001 ingreditur
538 969 668 1000 campo.
718 957 830 998 Quam
846 967 994 998 magnus
1013 955 1127 999 Orion,

139 1002 256 1043 Quum
272 1002 375 1046 pedes
392 1003 523 1036 incedit
539 1003 645 1036 medii
661 1014 722 1046 per
737 1002 892 1035 maxima
907 1001 1010 1035 Nerei

138 1047 271 1092 Stagna
287 1049 380 1082 viam
398 1049 566 1092 scindens,
583 1049 726 1081 humero
744 1047 976 1091 supereminet
991 1046 1104 1080 undas
1119 1058 1129 1088 ;

139 1094 222 1137 Aut,
241 1095 383 1127 summis
399 1094 549 1127 referens
565 1104 731 1127 annosam
746 1092 923 1126 montibus
940 1103 1073 1135 ornum,

140 1139 412 1183 ingrediturque
429 1140 498 1173 solo
516 1143 551 1173 et
568 1143 675 1183 caput
692 1139 784 1172 inter
800 1137 922 1172 nubila
938 1137 1057 1171 condit
1071 1148 1079 1172 :

142 1185 232 1218 Talis
250 1197 284 1218 se
301 1185 408 1218 vastis
424 1185 531 1219 infert
547 1185 741 1218 Mezentius
759 1184 872 1218 armis.

141 1230 235 1264 Huic
253 1234 373 1264 contra
388 1231 527 1271 AEneas,
545 1230 743 1274 speculatus
761 1230 798 1262 in
815 1229 954 1272 agmine
970 1228 1084 1272 longo,

141 1276 272 1309 Obvius
289 1277 339 1310 ire
355 1280 465 1320 parat.
506 1276 629 1310 Manet
646 1275 901 1319 imperterritus
918 1274 987 1317 ille,
1190 1273 1256 1308 770

141 1322 288 1356 Hostem
303 1322 568 1365 magnanimum
584 1321 773 1365 opperiens,
791 1324 826 1354 et
842 1320 932 1353 mole
949 1330 1012 1353 sua
1027 1322 1098 1353 stat
1114 1331 1123 1360 ;

141 1369 256 1409 Atque
274 1368 380 1401 oculis
398 1368 550 1412 spatium
567 1377 734 1409 emensus,
751 1370 923 1410 quantum
941 1365 1024 1398 satis
1040 1364 1169 1399 hastae:

141 1414 159 1430 ‘⁴
172 1413 316 1452 Dextra,
334 1412 422 1445 mihi
440 1412 534 1454 deus,
553 1416 587 1445 et
604 1412 725 1453 telum,
743 1411 835 1455 quod
852 1410 981 1444 missile
998 1410 1095 1453 libro,

142 1459 246 1493 Nunc
263 1458 380 1492 adsint
397 1469 405 1497 ;
429 1467 536 1490 voveo
552 1455 725 1499 praedom‘s
742 1466 880 1498 corpore
897 1454 1006 1498 raptis

144 1505 315 1538 Inflatum
333 1503 450 1544 spoliis
466 1502 580 1546 ipsum
597 1505 642 1542 te7
661 1501 781 1542 Lause,
798 1504 968 1542 tropaeum

144 1548 296 1583 AEneae.”
346 1547 448 1580 Dixit
466 1559 473 1588 3
499 1547 773 1590 stridentemque
791 1547 925 1579 eminus
943 1546 1080 1580 hastam

143 1593 263 1636 Injicit
281 1605 288 1633 ;
313 1591 374 1625 illa
391 1591 510 1625 volans
528 1590 638 1634 clipeo
655 1594 707 1624 est
724 1601 878 1632 excussa,
895 1590 1083 1635 proculque

142 1637 332 1680 Egregium
350 1637 505 1670 Antoren
520 1636 614 1669 latus
630 1636 722 1669 inter
738 1639 773 1668 et
790 1635 850 1668 ilia
867 1635 944 1678 figit
959 1646 966 1669 :

182 1683 306 1716 erculis
324 1683 478 1716 Antoren
495 1682 665 1722 comitem,
683 1681 744 1724 qui
760 1681 884 1714 missus
900 1680 944 1714 ab
961 1680 1063 1724 Argis

183 1732 304 1763 aeserat
321 1728 491 1772 Evandro,
509 1732 615 1772 atque
632 1726 725 1761 Itala
742 1726 941 1761 consederat
957 1726 1050 1762 urbe.
1191 1727 1257 1761 780
