1345 1927
90 88 156 118 212
377 85 414 120 P.
441 85 644 120 VIRGILII
670 85 884 119 MARONIS

91 153 196 186 Melle
214 156 411 198 soporatam
429 158 464 186 et
479 153 662 186 medicatis
679 152 839 195 frugibus
857 152 960 185 offam
1139 153 1208 185 420

92 198 231 242 objicit.
273 198 338 231 Ille
355 199 447 232 fame
464 198 585 231 rabida
602 198 671 230 tria
687 203 834 241 guttura
851 197 1008 241 pandens

91 244 240 288 Corripit
257 243 437 288 objectam,
454 248 560 287 atque
578 243 745 276 immania
761 247 861 286 terga
876 242 1019 276 resolvit

91 290 204 323 Fusus
221 290 329 332 humi,
348 294 491 333 totoque
507 290 630 332 ingens
648 288 851 322 extenditur
867 292 978 322 antro.

92 335 249 380 Occupat
266 336 393 369 AEneas
410 335 547 369 aditum
565 334 706 367 custode
725 334 871 378 sepulto,

90 381 288 425 Evaditque
305 381 394 414 celer
410 381 521 425 ripam
539 379 764 413 irremeabilis
782 379 894 413 undae.

92 427 265 460 Continuo
282 427 413 460 auditae
431 437 540 469 voces,
559 426 699 468 vagitus
717 430 751 458 et
770 425 892 468 ingens

93 472 346 515 Infantumque
363 472 487 505 animae
504 471 636 514 flentes,
653 471 689 504 in
707 471 828 504 limine
845 471 958 514 primo
972 482 980 505 τ

93 518 184 559 Quos
202 518 313 551 dulcis
330 518 411 551 vitae
430 522 592 560 exsortes,
609 522 645 550 et
661 516 705 550 ab
722 516 827 549 ubere
843 521 971 561 raptos,

92 563 251 597 Abstulit
268 568 344 597 atra
361 563 444 605 dies,
461 568 496 595 et
512 563 634 595 funere
650 562 771 595 mersit
787 561 918 596 acerbo.

92 609 166 643 Hos
178 611 286 653 juxta
301 609 388 643 falso
406 608 564 642 damnati
582 607 726 640 crimine
742 608 871 640 mortis.
1142 609 1211 642 430

92 655 125 688 N
127 667 165 689 ec
182 666 261 688 vero
278 655 331 688 hae
349 655 422 688 sine
439 658 530 687 sorte
547 653 650 697 datae,
667 653 740 686 sine
753 652 881 696 judice,
900 652 1006 686 sedes.

94 701 266 742 Quaesitor
283 700 397 734 Minos
415 711 539 733 urnam
555 704 692 740 movet;
717 699 776 732 ille
793 698 960 732 silentum

94 747 355 790 conciliumque
374 751 483 790 vocat,
502 746 661 789 vitasque
679 750 714 778 et
731 744 877 778 crimina
894 744 1005 778 discit.

141 793 306 826 Proxima
323 792 448 825 deinde
465 795 588 825 tenent
604 791 716 824 maesti
733 790 818 834 loca,
837 790 897 834 qui
915 790 981 825 sibi
997 790 1109 824 letum

95 838 254 872 Insontes
271 849 434 882 peperere
450 849 568 880 manu,
586 837 768 880 lucemque
785 836 896 880 perosi

93 883 271 928 Projecere
289 884 431 917 animas
474 883 586 924 Quam
603 882 734 916 vellent
752 882 880 915 aethere
896 881 933 914 in
951 881 1022 916 alto

94 930 127 964 N
130 941 197 963 unc
215 934 249 963 et
266 929 467 974 pauperiem
485 933 520 962 et
537 928 640 961 duros
657 928 809 972 perferre
825 927 958 961 labores
973 929 980 961 !

97 975 165 1009 Fas
182 976 306 1018 obstat,
323 975 484 1019 tristique
502 974 602 1018 palus
619 973 816 1006 inamabilis
833 973 929 1006 unda

96 1022 242 1066 Alligat,
259 1026 294 1054 et
311 1021 428 1054 novies
446 1020 535 1064 Styx
552 1020 724 1052 interfusa
741 1020 886 1052 coercet.

96 1068 130 1101 N
132 1079 169 1101 ec
182 1067 302 1112 procul
315 1066 398 1100 hinc
411 1071 546 1110 partem
562 1065 631 1098 fusi
649 1068 888 1098 monstrantur
898 1064 935 1097 in
949 1075 1086 1098 omnem
1148 1065 1216 1097 440

97 1113 272 1157 Lugentes
289 1112 422 1156 campi3
445 1112 493 1145 sic
510 1111 587 1144 illos
605 1111 743 1144 nomine
761 1110 893 1144 dicunt,

97 1159 177 1200 Hic,
195 1170 278 1202 quos
296 1158 404 1191 durus
421 1169 516 1191 amor
533 1156 666 1190 crudeli
682 1156 763 1189 tabe
779 1155 924 1200 peredit,

99 1205 230 1238 Secreti
247 1204 363 1237 celant
381 1203 496 1247 calles,
514 1206 550 1236 et
565 1206 702 1246 myrtea
719 1201 850 1235 circum

98 1250 194 1284 Silva
211 1250 300 1294 tegit
314 1262 323 1291 ;
348 1260 440 1282 curae
457 1260 527 1282 non
544 1248 619 1292 ipsa
635 1248 673 1280 in
689 1252 800 1281 morte
816 1247 1030 1291 relinquunt.

100 1297 166 1330 His
185 1296 370 1329 Phaedram
388 1295 599 1338 Procrinque
615 1293 709 1337 locis,
726 1297 952 1337 maestamque
969 1291 1162 1337 Eriphylen

99 1342 254 1376 Crudelis
271 1342 347 1375 nati
363 1345 617 1374 monstrantem
633 1339 779 1373 vulnera
796 1339 916 1382 cernit,

99 1388 346 1432 Evadnenque,
365 1391 399 1421 et
417 1386 636 1431 Pasiphaen;
653 1385 708 1419 his
725 1385 914 1419 Laodamia

101 1434 136 1468 It
153 1446 274 1477 comes,
293 1438 328 1467 et
340 1433 480 1478 juvenis
498 1431 684 1477 quondam,
701 1442 795 1465 nunc
811 1431 951 1474 femina,
970 1429 1091 1474 Caenis,

101 1480 234 1514 Rursus
251 1485 286 1514 et
302 1480 340 1513 in
357 1484 508 1513 veterem
524 1479 597 1512 fato
613 1478 773 1511 revoluta
788 1477 946 1521 figuram.

149 1527 246 1560 Inter
263 1537 348 1570 quas
365 1525 545 1559 Phoenissa
561 1535 680 1557 recens
697 1535 718 1557 a
734 1523 880 1557 vulnere
896 1522 987 1556 Dido
1155 1522 1223 1555 450

101 1572 251 1606 Errabat
269 1571 357 1605 silva
372 1572 410 1604 in
427 1582 556 1615 magna
569 1583 578 1612 3
603 1581 710 1614 quam
727 1569 851 1602 Tro'ius
868 1568 977 1611 heros,

103 1619 152 1652 Ut
169 1618 322 1662 primum
335 1619 442 1662 juxta
459 1617 558 1650 stetit
575 1616 788 1660 agnovitque
804 1625 866 1659 per
881 1613 1041 1648 umbram

103 1664 305 1707 Obscuram,
323 1663 462 1708 qualem
478 1663 590 1707 primo
608 1662 668 1706 qui
685 1672 823 1705 surgere
839 1671 956 1693 mense

103 1710 177 1743 Aut
195 1710 292 1743 videt
308 1714 371 1743 aut
388 1709 513 1743 vidisse
530 1713 635 1753 putat
652 1719 714 1752 per
730 1706 854 1741 nubila
869 1706 1001 1749 lunam,

103 1755 253 1790 Demisit
270 1756 441 1799 lacrimas,
459 1755 624 1800 dulcique
642 1753 770 1788 affatus
786 1762 901 1787 amore
918 1755 994 1786 est:
