1345 1927
402 70 669 105 GEORGICON
693 70 782 103 LIB.
809 69 870 103 IV.
1150 68 1193 101 79

81 137 200 181 Ergo‘
190 148 282 181 lpsas
299 137 454 181 quamvis
471 137 612 180 angusti
628 135 797 169 terminus
814 135 879 168 aevi

80 182 255 227 Excipiat‚
274 182 400 226 (neque
416 182 509 215 enim
525 182 603 226 plus
620 181 767 225 septima
784 181 924 214 ducitur
941 179 1054 223 aestas)

80 228 130 261 At
145 240 255 271 genus
271 228 466 261 immortale
480 231 608 270 manet,
625 226 824 269 multosque
840 237 902 270 per
919 237 1027 259 annos

80 273 159 306 Stat
174 273 315 307 fortuna
332 274 462 316 domus,
480 276 515 306 et
531 273 588 306 avi
605 276 835 305 numerantur
851 283 1004 305 avorum.

80 318 252 351 Praeterea
267 330 384 362 regem
400 330 469 351 non
487 318 535 351 sic
551 318 724 361 AEgyptos
741 321 776 350 et
792 317 915 360 ingens
1125 317 1194 349 210

79 363 200 407 Lydia,
217 375 281 397 nec
297 365 419 408 populi
435 364 645 396 Parthorum
662 367 724 396 aut
740 362 867 395 Medus
884 362 1068 406 Hydaspes

81 409 283 443 Observant.
323 410 418 453 Rege
434 409 601 442 incolumi
617 420 714 441 mens
731 409 891 441 omnibus
907 419 979 441 una
996 412 1048 441 est
1061 420 1070 448 ;

79 455 224 498 Amisso,
240 466 364 498 rupere
379 455 484 488 fidem
501 458 767 498 constructaque
783 454 888 487 mella

79 499 263 544 Diripuere
280 501 373 544 ipsae,
392 504 426 534 et
443 505 553 533 crates
570 500 699 533 solvere
715 500 882 533 favorum.

80 545 145 579 Ille
162 557 304 589 operum
321 549 434 579 custos
449 559 457 587 3
481 546 582 579 illum
599 546 825 588 admirantur,
843 550 878 578 et
895 556 1013 578 omnes

81 591 315 624 Circumstant
330 592 474 624 fremitu
491 592 604 634 denso,
623 591 824 635 stipantque
841 591 1040 634 frequentes
1053 602 1063 631 3

80 635 127 669 Et
144 647 231 680 saepe
248 637 416 670 attollunt
433 637 595 680 humeris,
613 641 648 670 et
665 647 806 680 corpora
822 636 912 670 bello

81 681 276 725 objectant,
293 683 544 726 pulchramque
560 686 687 725 petunt
702 693 764 726 per
780 682 926 715 vulnera,
942 686 1099 715 mortem.

127 727 194 760 His
212 728 355 770 quidam
372 728 478 771 signis
495 732 600 771 atque
617 727 690 760 haec
707 727 867 771 exempla
884 728 1004 771 secuti,

79 772 164 806 Esse
180 773 303 816 apibus
320 777 454 816 partem
471 773 597 806 divinae
614 773 741 805 mentis
758 776 793 806 et
810 773 956 806 haustus
1126 774 1194 806 220

79 818 255 851 AEtherios
273 819 391 851 dixere
405 830 412 852 :
437 818 542 851 deum
557 829 708 861 namque
724 818 774 851 ire
790 829 852 862 per
869 830 985 852 omnes

80 863 269 907 'serrasque
285 867 485 907 tractusque
500 864 604 897 maris
622 864 814 907 coelumque
830 864 1044 908 profundum
1057 877 1067 906 3

81 908 176 942 Hinc
192 909 350 953 pecudes,
368 913 534 952 armenta,
552 910 652 952 viros,
669 920 779 952 genus
797 921 897 943 omne
913 910 1076 953 sermm,

81 954 260 998 Quemque
277 955 341 988 sibi
358 959 478 988 tenues
495 959 694 988 nascentem
711 966 879 988 arcessere
896 956 987 989 vitas
1000 968 1010 997 ;

81 999 220 1033 Scilicet
236 1000 305 1033 huc
321 1001 419 1033 reddi
436 1001 560 1034 deinde
577 1012 617 1034 ac
633 1000 783 1034 resoluta
799 1001 919 1034 referri

82 1045 208 1079 Omnia
220 1058 229 1086 3
253 1057 317 1079 nec
333 1046 437 1079 morti
454 1058 525 1079 esse
541 1046 666 1089 locum,
684 1046 743 1079 sed
760 1047 840 1080 viva
857 1047 972 1081 volare

80 1090 208 1125 Sideris
224 1091 261 1124 in
277 1103 462 1125 numerum
479 1096 583 1136 atque
600 1092 671 1125 alto
689 1092 870 1125 succedere
887 1093 982 1126 coelo.

127 1137 163 1170 Si
181 1137 318 1181 quando
335 1138 450 1171 sedem
466 1141 651 1181 augustam
669 1143 872 1182 servataque
889 1138 994 1172 mella

80 1182 264 1216 Thesauris
280 1183 414 1226 relines,
431 1184 527 1227 prius
543 1184 674 1217 haustu
691 1195 828 1227 sparsus
845 1195 1016 1227 aquarum

82 1228 150 1262 Ora
165 1229 253 1271 fove,
268 1228 450 1273 fumosque
467 1240 574 1262 manu
590 1229 766 1273 praetende
783 1241 954 1273 sequaces.
1126 1231 1194 1263 230

80 1273 140 1307 Bis
157 1274 316 1317 gravidos
333 1279 462 1317 cogunt
479 1275 581 1318 fetus,
599 1275 667 1307 duo
684 1279 840 1318 tempora
855 1276 997 1309 messis:

81 1319 234 1362 Taygete
251 1320 354 1352 simul
366 1329 406 1353 *os
423 1320 523 1353 terris
541 1320 692 1353 ostendit
708 1320 893 1353 honestum

80 1364 184 1408 Plias,
203 1369 238 1398 et
255 1366 373 1398 oceani
391 1370 521 1409 spretos
537 1366 625 1409 pede
641 1365 771 1408 repulit
788 1377 906 1399 amnes
919 1378 929 1408 ;

79 1410 153 1444 Aut
170 1411 290 1443 eadem
307 1411 400 1443 sidus
417 1411 555 1454 fugiens
572 1411 632 1443 ubi
649 1410 756 1443 Piscis
773 1412 892 1454 aquosi

79 1455 225 1489 Tristior
240 1456 402 1489 hibernas
421 1457 504 1489 coelo
522 1455 700 1489 d'escendit
716 1457 754 1489 in
771 1457 892 1491 undas.

78 1501 181 1534 Illis·
170 1513 222 1535 1ra
238 1502 380 1535 modum
397 1513 501 1545 supra
518 1506 579 1544 est,
596 1502 753 1546 laesaeque
770 1514 942 1536 venenum

78 1546 251 1580 Morsibus
268 1548 452 1600 insphant,
464 1552 499 1580 et
516 1548 648 1591 spicula
665 1559 755 1582 caeca
770 1548 986 1593 rehnquunt,

79 1592 201 1626 Affixae
218 1593 323 1636 venis,
342 1594 543 1637 animasque
559 1594 597 1626 in
613 1594 755 1627 vulnere
772 1599 916 1638 ponunt.

79 1638 140 1671 Sin
158 1639 280 1672 duram
297 1643 430 1672 metues
447 1639 596 1672 hiemem
612 1651 799 1683 parcesque
816 1640 935 1673 futuro

79 1684 314 1728 Contusosque
330 1685 462 1717 animos
479 1689 514 1717 et
530 1696 583 1717 res
599 1685 803 1718 miserabere
819 1685 970 1720 fractas·
960 1712 971 1728 ‚
1124 1688 1194 1721 240

79 1729 126 1764 At
144 1730 258 1764 suffire
274 1730 406 1775 thymo,
424 1741 586 1775 cerasque
601 1731 778 1765 recidere
767 1742 889 1765 manes
