1320 1932
553 87 713 121 CULEX.
1120 87 1188 122 377

73 154 234 188 Attalicis
252 154 374 198 opibus
391 154 475 188 data
490 154 639 195 vellera3
664 154 693 187 si
709 154 802 187 nitor
818 165 895 187 aun

75 199 146 233 Sub
163 200 324 244 laqueare
341 200 462 233 domus
479 200 634 233 animum
649 210 719 232 non
737 199 852 242 tangit
869 211 1013 232 avarum
1030 211 1039 241 ;

76 243 294 289 Pieturaeque
310 245 424 288 decus,
441 245 598 288 lapidum
614 256 678 278 nec
694 245 810 288 fulgor
827 245 863 277 in
880 245 954 277 ulla

78 290 242 333 Cognitus
259 291 414 323 utilitate
429 295 568 331 manet3
592 301 656 323 nec
673 290 797 334 pocula
813 295 952 333 gratum

74 335 213 368 Alconis
229 336 379 368 referent
396 336 554 379 Boetique
571 339 727 368 toreuma
737 348 746 376 3
770 347 834 368 nec
854 335 935 368 Indi

76 380 231 414 Conchea
247 380 352 414 bacca
368 381 472 414 maris
488 381 599 424 pretio
616 385 684 414 est:
710 385 747 414 at
763 384 901 424 pectore
918 391 1005 424 puro

73 425 171 469 Saepe
187 437 290 469 super
306 430 423 459 tenero
438 426 626 470 prosternit
643 426 799 469 gramine
816 437 958 470 corpus;

73 470 213 504 Florida
231 482 339 514 quum
356 471 460 504 tellus
476 478 691 514 gemmantes
708 471 803 515 picta
819 483 880 515 per
896 472 1019 505 herbas

73 516 161 549 Vere
178 521 278 550 notat
295 516 389 550 dulei
406 517 572 550 distincta
589 517 757 550 coloribus
774 528 877 557 arva3
1144 517 1189 552 '70

72 561 190 605 Atque
206 562 317 603 illum,
335 562 468 595 calamo
485 562 606 595 laetuin
622 562 798 595 recinente
814 563 972 606 palustri,

73 607 222 650 Otiaque
238 607 371 641 invidia
389 608 572 651 degentem
589 619 629 640 ae
645 607 768 640 fraude
783 613 925 650 remota,

75 651 337 696 Pollentemque
354 653 429 695 sibi,
447 653 551 686 viridi
569 664 678 696 quum
695 653 839 697 palmite
856 653 980 687 ludens

70 697 206 730 Tmolia
221 698 405 741 pampineo
422 697 540 731 subter
557 710 654 732 coma
670 699 763 731 velat
780 699 919 732 amictu.

72 742 131 775 Illi
149 747 231 776 sunt
247 749 356 786 gratae
372 748 527 776 rorantes
543 744 634 777 lacte
651 744 801 788 capellae‚

70 787 118 821 Et
134 799 265 831 nemus,
282 792 318 821 et
334 788 484 822 fecunda
500 789 611 831 Pales,
628 794 663 822 et
680 789 829 822 vallibus
846 789 924 822 imis

71 832 212 877 Semper
228 845 335 877 opaca
350 835 448 867 novis
464 835 645 868 manantia
661 834 816 868 fontibus
833 839 943 869 antra.

72 878 157 919 Quis
172 879 284 922 magis
301 883 420 923 optato
437 884 543 923 queat
559 891 630 913 esse
647 879 779 913 beatior
797 891 879 922 aevo,

72 923 184 964 Quam
201 924 261 967 qui
277 929 393 958 mente
410 925 530 968 procul
546 937 635 969 pura
652 937 822 969 sensuque
839 925 1015 969 probando

70 969 150 1002 Non
167 969 286 1003 avidas
302 971 446 1012 agnovit
462 982 560 1014 opes;
585 982 655 1004 non
671 971 786 1004 tristia
803 971 903 1014 bella,
1143 973 1187 1005 80

69 1014 104 1047 N
105 1026 143 1047 ec
159 1015 298 1048 funesta
315 1016 416 1049 timet
432 1016 558 1049 validae
575 1017 766 1050 certamina
783 1016 898 1049 classis
911 1029 919 1057 ;

69 1059 104 1092 N
105 1071 159 1102 on,
177 1060 294 1104 spoliis
311 1060 395 1093 dum
411 1066 531 1094 sancta
547 1061 651 1094 deum
667 1061 884 1104 fulgentibus
901 1066 999 1095 ornet

70 1105 214 1149 Templa
231 1105 286 1138 vel
302 1110 443 1139 evectus
458 1106 564 1139 finem
581 1107 804 1140 transcendat
821 1106 981 1150 habendi,

69 1150 265 1184 Adversum
282 1150 381 1185 saevis
396 1152 489 1184 ultro
506 1156 613 1195 caput
629 1152 786 1185 hostibus
803 1152 911 1186 offert.

71 1195 130 1228 Illi
146 1195 235 1229 falce
252 1197 336 1229 deus
354 1197 489 1238 colitur,
506 1208 576 1230 non
594 1202 668 1230 arte
685 1197 834 1241 politus;

73 1241 137 1274 Ille
154 1241 236 1274 colit
253 1241 368 1282 lucos;
392 1242 446 1275 illi
464 1242 643 1276 Panchaia
659 1243 775 1285 thura,

72 1285 229 1320 Floribus
246 1291 397 1330 agrestes
413 1287 528 1321 herbae
545 1288 760 1321 variantibus
777 1288 905 1321 adsunt
919 1301 928 1329 ;

71 1332 131 1365 Illi
147 1332 259 1365 dulcis
275 1333 373 1366 adest
389 1333 525 1376 requies
542 1337 577 1366 et
594 1345 681 1376 pura
699 1333 869 1377 voluptas,

70 1376 194 1410 Libera
211 1377 426 1422 simplicibus
443 1379 551 1412 curis:
576 1378 646 1411 huc
662 1379 832 1421 imminet,
849 1390 967 1412 omnes

72 1421 203 1465 Dirigit
218 1422 288 1456 huc
305 1435 433 1466 sensus,
450 1424 525 1457 haee
542 1435 625 1457 cura
641 1428 694 1457 est
710 1424 851 1457 subdita
868 1425 972 1468 cordi,
1143 1427 1188 1459 90

71 1467 234 1508 Quolibet
250 1472 292 1501 ut
307 1469 425 1512 requie
441 1469 539 1502 victu
555 1473 739 1502 contentus
756 1469 920 1513 abundet,

72 1512 98 1546 J
101 1513 308 1557 ucundoque
325 1514 412 1557 liget
428 1514 633 1558 languentia
650 1526 791 1559 corpora
808 1526 935 1549 somno.

0 1593 2 1601 ¹
71 1558 99 1592 O
116 1559 274 1602 pecudeS‚
293 1570 312 1592 o
330 1559 451 1602 Panes,
468 1564 503 1593 et
520 1571 539 1593 o
555 1560 753 1604 gratissima
770 1561 898 1604 Tempe

0 1612 5 1646 ξ
70 1603 191 1637 Fontis
208 1604 505 1649 Hamadryadum,
523 1617 669 1649 quarum
684 1617 754 1640 non
771 1606 880 1639 divite
896 1605 996 1640 cultu

0 1669 3 1676 ·
71 1649 232 1682 AEmulus
249 1649 384 1683 Ascraeo
401 1655 518 1694 pastor
535 1651 600 1684 sibi
617 1651 763 1695 quisque
779 1652 892 1695 poetae

73 1695 235 1729 Securam
252 1695 388 1738 placido
405 1696 559 1730 traducit
574 1700 713 1740 pectore
730 1697 848 1730 vitam.

71 1739 214 1774 Talibus
230 1739 269 1774 in
285 1741 410 1775 studiis
425 1741 549 1776 baculo
566 1742 652 1776 dum
667 1742 771 1776 nixus
788 1742 923 1785 apricas
