1330 1932
398 65 620 99 AENEIDOS
645 65 735 98 LIB.
762 65 822 98 IV.
1110 65 1173 96 169

58 132 166 167 Dulce
183 138 301 177 caput,
318 134 471 177 magicas
488 134 637 167 invitam
654 132 828 176 accingier
844 135 944 165 artes.

60 178 114 211 'Pu
128 184 260 212 secreta
275 190 398 223 pyram
415 183 507 212 tecto
524 179 687 212 interiore
705 178 768 211 sub
785 189 886 211 auras

56 223 158 267 Erige
172 237 181 266 ;
202 229 237 257 et
253 235 349 257 arma
365 225 440 267 viri,
458 224 613 258 thalamo
630 235 707 267 quae
725 224 797 256 fixa
813 223 955 266 reliquit

58 269 201 313 Impius,
219 270 431 313 exuviasque
449 281 574 313 omnes,
592 270 789 312 lectumque
801 268 967 312 jugalem.

57 314 131 355 Quo
147 315 244 359 perii,
263 316 532 359 superimponas.
576 315 719 348 Abolere
736 314 879 347 nefandi

56 359 190 394 Cuncta
207 361 273 393 viri
289 365 516 394 monumenta
528 360 630 405 jubet
647 363 885 403 monstrataque
902 359 1088 392 sacerdos.”

57 404 141 439 Haec
157 405 262 439 effata
279 406 357 439 silet
371 419 379 447 ;
404 407 516 450 pallor
532 406 636 439 simul
653 414 800 449 occupat
818 417 884 439 ora.

53 450 132 484 Non
149 455 267 484 tamen
283 451 386 485 Anna
403 452 501 485 novis
519 456 709 496 praetexere
726 452 851 484 funera
868 451 971 484 sacris
1105 452 1172 483 500

55 496 262 530 Germanam
279 497 399 540 credit,
417 509 480 530 nec
498 502 614 531 tantos
631 501 748 530 mente
764 497 897 530 furores

55 541 222 586 Concipit,
240 547 304 576 aut
320 543 478 586 graviora-
495 544 606 587 timet,
625 554 731 587 quam
746 547 856 576 morte
874 542 1018 586 Sychaei.

53 586 145 631 E1go
157 589 256 631 jussa
273 592 382 632 parat.

101 633 149 666 At
165 633 295 677 regina,
314 645 401 677 pyra
417 634 588 677 penetrali
604 635 642 667 in
659 634 738 667 sede
755 634 818 667 sub
836 645 936 667 auras

55 677 181 712 Erecta
197 679 332 722 ingenti
349 680 449 712 taedis
466 684 572 723 atque
588 680 668 713 ilice
685 684 786 722 secta,

56 723 282 768 Intenditque
298 724 414 758 locum
431 725 540 766 sertis,
558 729 593 758 et
608 726 729 758 fronde
747 728 887 758 coronat

54 769 230 810 Funerea3
257 781 357 813 super
374 771 516 803 exuvias
534 782 718 814 ensemque
734 770 896 803 relictum

53 814 281 858 Effigiemque
298 821 372 848 toro
389 816 489 858 locat,
507 816 601 848 haud
618 817 741 858 ignara
757 816 879 848 futuri.

53 859 157 893 Stant
173 871 241 893 arae
259 860 399 903 circum,
418 865 452 894 et
470 861 573 894 crinis
591 861 698 894 effusa
715 862 871 894 sacerdos

53 905 118 938 'I'er
134 909 273 939 centum
293 910 392 940 tonat
409 918 464 939 ore
482 907 571 950 deos,
590 907 819 950 Erebumque,
837 907 1025 950 Chaosque,
1103 909 1170 940 510

53 950 363 995 Tergeminamque
381 952 548 995 Hecaten,
566 953 635 986 tria
652 953 797 996 virginis
814 964 872 986 ora
890 953 1021 986 Dianae.

55 996 233 1040 Sparserat
249 1002 284 1030 et
301 998 421 1031 latices
439 998 618 1031 simulatos
635 998 741 1031 fontis
759 998 887 1031 Averni
900 1011 908 1039 ;

54 1041 83 1074 F
85 1042 215 1075 alcibus
232 1046 267 1076 et
283 1054 401 1076 messae
419 1044 463 1076 ad
480 1044 601 1077 lunam
619 1048 824 1087 quaemntur
841 1044 961 1078 ahenis

54 1086 228 1121 Pubentes
244 1088 368 1132 herbae,
386 1089 479 1133 nigri
496 1101 575 1122 cum
592 1089 683 1123 lacte
701 1090 824 1123 venem·
839 1103 847 1131 ;

54 1133 230 1174 Quaeritur
247 1139 282 1168 et
298 1135 471 1168 nascentis
489 1135 570 1179 equi
587 1135 629 1168 de
646 1136 760 1169 fronte
776 1136 934 1169 revulsus

52 1178 100 1212 Et
115 1180 220 1212 matri
236 1185 428 1224 praereptus
445 1192 550 1214 amor.

54 1224 134 1267 Ipsa
150 1225 242 1258 mola
257 1225 486 1269 manibusque
502 1226 569 1270 piis
586 1226 711 1259 altaria
723 1227 838 1270 juxta,

53 1269 172 1303 Unum
189 1275 297 1304 exuta
314 1271 437 1314 pedem
453 1272 586 1314 vinclis,
600 1272 637 1304 in
655 1276 749 1305 veste
766 1273 928 1316 recincta,

53 1315 215 1349 Testatur
230 1317 400 1350 moritura
417 1317 506 1360 deos,
524 1322 558 1350 et
576 1318 712 1350 conscia
728 1318 794 1350 fati

53 1361 173 1395 Sidera
186 1374 195 1402 3
220 1365 306 1404 tum,
324 1362 352 1395 si
370 1363 461 1405 quod
478 1374 548 1395 non
565 1374 662 1406 aequo
678 1363 805 1396 foedere
822 1364 973 1397 amantis
1101 1367 1170 1398 520

53 1406 150 1440 Curae
168 1418 298 1440 numen
315 1407 421 1441 habet
433 1409 639 1452 justumque
656 1420 863 1453 memorque,
882 1414 1052 1453 precatur.

98 1452 177 1485 Nox
194 1457 278 1495 erat,
296 1457 330 1486 et
347 1453 525 1497 placidum
542 1454 730 1498 carpebant
747 1455 835 1488 fessa
853 1467 1007 1499 soporem

52 1497 200 1541 Corpora
215 1509 277 1542 per
292 1503 410 1542 terras,
429 1499 592 1542 silvaeque
610 1504 644 1533 et
662 1511 751 1533 saeva
768 1500 930 1544 quierant

51 1542 203 1587 AEquora
218 1556 226 1584 ;
252 1555 360 1588 quum
375 1545 488 1578 medio
506 1545 695 1579 volvuntur
712 1546 823 1579 sidera
840 1546 950 1590 lapsu,

53 1588 169 1629 Quum
185 1593 279 1623 tacet
296 1591 406 1623 omnis
423 1602 513 1634 ager,
531 1591 689 1634 pecudes,
707 1591 878 1635 pictaeque
895 1593 1059 1636 volucres,

54 1634 206 1679 Quaeque
222 1635 319 1668 lacus
335 1636 406 1669 late
422 1636 581 1680 liquidos,
600 1648 745 1680 quaeque
762 1649 882 1681 aspera
899 1638 1013 1672 dumis

55 1679 147 1713 Rura
164 1685 295 1724 tenent,
313 1693 430 1715 somno
447 1683 568 1726 positae
586 1682 649 1715 sub
666 1687 767 1716 nocte
784 1684 902 1716 silenti
917 1696 924 1717 :

51 1721 242 1767 [Lenibant
259 1738 368 1771 curas,
386 1732 421 1762 et
439 1728 541 1762 corda
558 1728 666 1763 oblita
682 1728 865 1773 laborum]
