1345 1927
145 75 213 107 186
462 75 499 110 Ρ.
519 76 725 111 VIRGILII
751 76 967 111 MARONIS

147 144 282 178 Ducere
301 147 391 181 dona
402 147 522 191 jube.'’
571 148 695 182 Cuncti
713 148 815 181 simul
833 158 889 180 ore
906 143 1101 179 fremebant

145 191 367 235 Dardanidae,
385 192 550 237 reddique
567 193 640 227 viro
657 192 825 237 promissa
833 189 1017 236 jubebant.

147 236 214 270 Hic
231 238 346 280 gravis
364 238 544 272 Entellum
562 239 664 272 dictis
681 238 834 281 castigat
848 237 998 277 Acestes,

146 282 330 316 Proximus
347 288 388 317 ut
405 284 578 318 viridante
596 288 669 317 toro
687 283 888 317 consederat
903 281 1019 315 herbae
1034 292 1041 313 :

146 329 164 345 “
178 328 324 370 Entelle,
342 331 484 365 heroum
502 332 677 376 quondam
694 330 880 364 fortissime
898 328 1006 360 frustr
1014 337 1038 368 ι,

145 370 303 407 Tantane
319 378 393 407 tam
409 375 546 419 patiens
562 375 658 408 nullo
676 375 864 409 certamine
882 373 958 406 tolli
1193 371 1261 404 390

143 415 244 452 Dona
260 419 375 454 sines?
399 421 460 454 ubi
477 432 571 455 nunc
589 421 685 454 nobis
703 421 786 454 deus
804 420 872 462 ille,
890 418 1057 462 magister

142 462 389 508 Nequidquam
406 472 626 510 memoratus,
644 466 739 509 Eryx
755 467 766 500 2
791 466 852 499 ubi
869 466 963 498 fama
980 475 1041 508 per
1057 473 1194 497 omnem

142 509 366 555 Trinacriam,
383 520 419 546 et
435 513 544 556 spolia
560 513 622 547 illa
639 513 708 547 tuis
725 512 915 557 pendentia
931 512 1032 546 tectis
1048 510 1083 545 γ’

143 555 210 589 llle
228 557 292 589 sub
309 557 382 590 haec
397 570 403 591 :
429 559 447 575 “
461 559 537 591 Non
555 559 668 592 laudis
685 569 789 598 amor,
806 569 869 591 nec
883 558 993 601 gloria
1009 557 1122 599 cessit,

143 597 250 632 Pulsa
266 603 382 639 metu;
409 599 467 632 sed
485 599 578 632 enim
595 600 730 642 gelidus
747 599 907 632 tardante
925 602 1063 631 senecta

142 643 292 688 Sanguis
310 644 423 688 hebet,
439 645 639 689 frigentque
656 645 766 678 effetae
783 645 819 677 in
837 655 975 687 corpore
991 644 1090 677 vires.

141 689 179 722 Si
195 690 293 733 mihi,
311 702 387 734 quae
404 691 721 735 quondam'fuerat,
741 701 879 734 quaque
896 689 1072 734 improbus
1088 689 1154 723 iste

142 735 308 770 Exsultat
325 736 446 780 fidens,
464 737 493 770 si
509 748 604 770 nunc
621 736 710 770 foret
726 737 789 769 illa
800 737 967 779 juventas
977 748 986 777 ;

143 781 250 815 Haud
268 782 429 826 equidem
446 783 557 826 pretio
574 783 739 816 inductus
757 782 972 826 pulchroque
983 781 1135 824 juvenco

143 826 341 862 Venissem:
367 839 430 862 nec
447 828 538 862 dona
559 828 701 861 moror.''
749 828 805 862 Sic
823 828 948 861 deinde
964 827 1101 861 locutus
1193 828 1261 860 400

143 873 185 906 In
203 874 358 907 medium
374 874 528 917 geminos
545 874 690 907 immani
706 873 857 917 pondere
874 877 988 906 cestus

143 918 303 963 Projecit,
322 920 447 964 quibus
465 931 542 953 acer
559 920 664 963 Eryx‘
673 919 710 952 in
727 919 849 963 proelia
866 923 986 951 suetus

141 964 244 998 Ferre
261 977 414 1009 manum,
434 965 588 1010 duroque
605 965 785 998 intendere
802 964 943 997 brachia
960 968 1066 1007 tergo.

142 1010 359 1055 Obstupuere
377 1011 506 1045 animi:
532 1016 710 1045 tantorum
728 1010 886 1054 ingentia
904 1013 1037 1054 septem

141 1056 252 1100 Terga
269 1057 374 1090 boum
391 1057 534 1101 plumbo
550 1057 667 1090 insuto
684 1057 843 1100 ferroque
858 1055 1028 1099 rigebant.

140 1102 233 1136 Ante
251 1114 367 1136 omnes
385 1107 503 1147 stupet
520 1103 593 1147 ipse
610 1102 727 1145 Dares,
745 1102 915 1145 longeque
931 1103 1069 1134 recusat
1081 1112 1092 1142 3

140 1147 457 1192 Magnanimusque
474 1148 701 1182 Anchisiades
719 1152 754 1181 et
770 1147 906 1191 pondus
922 1150 958 1180 et
974 1147 1050 1190 ipsa

141 1193 222 1227 Huc
240 1194 325 1227 illuc
342 1194 535 1227 vinclorum
552 1194 722 1227 immensa
738 1193 917 1227 volumina
933 1195 1056 1226 versat.

140 1239 229 1272 Tum
248 1240 360 1273 senior
376 1239 464 1273 tales
481 1239 653 1273 referebat
669 1244 807 1284 pectore
823 1249 923 1272 voces
938 1250 945 1272 :

142 1285 159 1300 “
173 1284 272 1326 Quid,
291 1285 319 1317 si
335 1284 413 1327 quis
430 1287 543 1317 cestus
560 1284 669 1328 ipsius
686 1288 721 1317 et
741 1283 900 1317 Herculis
919 1294 1015 1317 arma
1189 1284 1257 1316 410

141 1326 304 1370 Vidisset,
322 1331 528 1371 tristemque
545 1328 610 1361 hoc
628 1328 702 1372 ipso
720 1328 757 1360 in
774 1327 875 1361 litore
892 1338 1048 1372 pugnam
1065 1326 1075 1361 ἒ

140 1372 225 1406 Haec
242 1385 428 1417 germanus
445 1373 542 1417 Eryx
560 1374 736 1418 quondam
752 1378 836 1407 tuus
853 1384 949 1407 arma
965 1372 1129 1417 gerebat:

140 1418 319 1463 Sanguine
336 1420 447 1453 cernis
465 1419 579 1453 adhuc
596 1420 777 1463 fractoque
794 1419 925 1453 infecta
941 1418 1086 1453 cerebro.

140 1464 206 1498 His
222 1476 391 1508 magnum
408 1465 555 1498 AJciden
573 1470 694 1499 contra
711 1465 810 1499 stetit
824 1478 833 1506 ;
858 1465 913 1498 his
930 1476 992 1508 ego
1010 1468 1141 1506 suetus,

139 1510 234 1543 Dum
250 1511 372 1544 melior
388 1511 478 1544 vires
496 1511 638 1555 sanguis
655 1511 770 1554 dabat,
789 1510 916 1544 aemula
932 1510 1082 1544 necdum

139 1556 365 1601 Temporibus
382 1557 529 1600 geminis
547 1556 693 1591 canebat
710 1568 828 1601 sparsa
845 1560 1011 1590 senectus.

139 1602 216 1645 Sed,
234 1603 262 1636 si
279 1607 397 1636 nostra
412 1602 520 1636 Dares
537 1603 612 1636 haec
629 1603 752 1637 Troius
769 1614 865 1636 arma
881 1606 1028 1646 recusat,

141 1647 253 1692 quue
270 1648 327 1692 pio
345 1648 441 1682 sedet
457 1648 589 1691 AEneae,
606 1649 729 1692 probat
745 1653 867 1682 auctor
883 1648 1034 1691 Acestes,

141 1693 330 1737 AEquemus
347 1705 492 1738 pugnas.
533 1694 655 1738 Erycis
672 1695 738 1728 tibi
755 1699 854 1739 terga
869 1694 1010 1728 remitto
1024 1706 1033 1735 ς

138 1738 238 1773 Solve
255 1744 369 1774 metus
383 1753 392 1782 3
418 1745 453 1775 et
470 1744 510 1774 tu
527 1740 691 1784 Trojanos
709 1752 798 1775 exue
815 1741 957 1774 cestus.”
1188 1741 1258 1774 420
