1320 1932
427 79 646 113 AENEIDOS
672 79 759 114 LIB.
786 79 847 114 IX.
1124 81 1188 115 271

76 146 181 180 Dives
198 157 335 190 equum,
353 146 447 180 dives
464 146 572 190 pictai
591 146 696 179 vestis
714 149 749 179 et
765 147 851 181 auri.

75 191 256 236 Messapus
273 192 400 235 primas
417 192 517 235 acies,
535 195 707 235 postrema
723 193 883 225 coercent

75 237 252 280 Tyrrhidae
264 239 420 281 juvenes,
437 237 550 270 medio
567 237 639 269 dux
657 237 795 280 agmine
811 237 949 270 Turnus

74 282 248 326 [Vertitur
265 293 360 315 arma
376 286 506 325 tenens,
524 285 559 315 et
575 285 649 315 toto
665 282 794 316 vertice
811 294 916 326 supra
932 285 985 316 est
999 281 1023 327 z]

75 328 145 360 Ceu
162 331 294 371 septem
311 339 453 371 surgens
471 328 598 360 sedatis
615 326 774 360 amnibus
791 328 883 361 altus
1141 331 1187 362 30

72 371 139 406 Per
155 373 305 406 tacitum
322 373 466 416 Ganges,
484 376 546 406 aut
562 373 686 416 pingui
702 372 845 406 flumine
862 373 964 406 Nilus

73 417 189 458 Quum
205 418 322 451 refluit
339 418 468 462 campis
485 419 607 461 etjam
624 429 659 451 se
676 418 831 451 condidit
848 418 955 453 alveo.

71 462 141 496 Hic
159 463 310 496 subitam
326 463 425 507 nigro
442 463 624 506 glomerari
640 463 782 507 pulvere
800 463 929 497 nubem

70 507 292 552 Prospiciunt
309 509 442 551 Teucri,
458 520 499 542 ac
516 508 676 542 tenebras
693 508 871 552 insurgere
888 509 1028 554 campis.

70 552 208 586 Primus
225 553 269 587 ab
285 554 427 587 adversa
444 553 637 587 conclamat
653 554 742 586 mole
759 554 884 587 Caicus
900 566 907 588 :

65 598 85 616 “
100 599 183 639 Quis
200 599 331 642 globus,
350 611 368 632 o
385 601 484 642 cives,
502 599 651 642 caligine
669 598 821 631 volvitur
837 602 914 632 atra
930 601 937 634 Ξ

67 643 169 677 Ferte
187 645 248 677 citi
264 644 403 686 ferrum,
421 645 501 677 date
517 644 596 685 tela,
615 644 770 676 scandite
786 655 902 677 muros
919 656 926 678 :

68 689 188 722 Hostis
205 689 312 730 adest,
330 689 417 733 eja.”
466 690 605 732 Ingenti
623 689 770 722 clamore
787 700 848 732 per
865 701 983 723 omnes

70 733 232 766 Condunt
249 744 284 766 se
301 733 422 766 Teucri
438 737 564 777 portaS‚
581 736 616 766 et
632 733 759 766 moenia
776 733 957 777 complent.

67 778 228 822 Namque
245 778 295 811 ita
312 778 488 811 discedens
505 782 714 822 praeceperat
731 778 882 822 optimus
899 779 1003 812 armis
1135 783 1179 813 40

66 823 194 856 AEneas
209 835 216 857 :
245 823 282 857 Si
299 834 366 867 qua
383 824 515 856 interea
531 823 673 856 fortuna
689 823 821 866 fuisset,

67 868 146 901 Neu
163 871 294 901 struere
311 868 478 902 auderent
494 868 612 911 aciem,
628 876 697 901 neu
715 868 852 902 credere
869 880 990 914 campo
1004 882 1013 911 3

67 913 186 947 Castra
202 913 302 947 modo
319 917 354 947 et
371 917 465 947 tutos
483 917 657 947 servarent
674 925 798 957 aggere
814 926 938 948 muros.

65 959 166 1002 Ergo,
184 959 249 992 etsi
266 959 420 992 conferre
435 970 578 992 manum
595 959 706 1003 pudor
723 959 843 1002 iraque
859 964 1039 1004 monstrat,

67 1004 245 1047 Objiciunt
262 1008 378 1048 portas
395 1009 521 1047 tamen,
539 1008 574 1038 et
591 1009 763 1049 praecepta
779 1005 964 1049 facessunt,

63 1049 270 1093 Armatique
287 1050 380 1083 cavis
396 1054 600 1094 exspectant
617 1051 770 1083 turribus
787 1050 930 1085 hostem.

63 1094 211 1138 Turnus,
228 1098 269 1128 ut
285 1099 366 1128 ante
383 1096 502 1129 volans
518 1096 658 1129 tardum
674 1100 894 1140 praecesserat
910 1108 1044 1140 agmen,

63 1139 202 1184 Viginti
219 1140 317 1173 lectis
334 1141 492 1184 equitum
509 1141 693 1175 comitatus
709 1145 745 1175 et
760 1141 839 1174 urbi

63 1185 277 1230 Improvisus
294 1186 412 1219 adest:
437 1186 582 1220 maculis
599 1198 702 1230 quem
718 1187 886 1220 Thracius
903 1187 990 1221 albis

62 1231 185 1265 Portat
203 1242 320 1274 equus,
338 1231 509 1275 cristaque
526 1232 614 1275 tegit
631 1232 730 1275 galea
747 1243 851 1265 aurea
867 1233 980 1266 rubra.
1129 1237 1172 1267 50
1193 1235 1198 1236 ⁷

63 1277 222 1321 “Ecquis
240 1278 305 1311 erit
321 1289 466 1318 mecum,
480 1277 627 1319 juvenes
641 1277 652 1309 2
679 1277 738 1320 qui
755 1277 886 1320 primus
903 1277 940 1310 in
957 1277 1091 1312 hostem
1108 1278 1120 1312 2

64 1322 149 1364 En‚'’
167 1323 226 1356 ait.
291 1323 337 1355 Et
350 1322 506 1365 jaculum
523 1325 725 1365 attorquens
743 1323 873 1355 emittit
890 1322 927 1354 in
943 1334 1054 1366 auras,

61 1367 279 1412 Principium
296 1379 432 1412 pugnae,
451 1370 486 1401 et
502 1378 622 1410 campo
640 1378 710 1400 sese
727 1366 855 1400 arduus
872 1367 988 1400 infert.

61 1413 216 1447 Clamore
234 1414 416 1457 excipiunt
433 1411 523 1455 socii,
540 1412 750 1455 fremituque
768 1416 961 1455 sequuntur

60 1457 249 1492 Horrisono
265 1471 273 1499 ;
298 1459 470 1491 Teucrum
485 1457 658 1491 mirantur
674 1458 800 1491 inertia
817 1458 919 1490 corda
932 1469 939 1491 :

59 1503 139 1537 Non
157 1515 256 1547 aequo
274 1504 355 1537 dare
373 1516 406 1537 se
423 1515 553 1547 campo,
570 1515 640 1536 non
657 1503 757 1536 obvia
772 1503 861 1536 ferre

59 1549 167 1584 Arma
183 1551 283 1593 viros,
301 1550 359 1583 sed
376 1554 489 1582 castra
505 1549 628 1582 fovere.
676 1549 757 1582 Huc
774 1548 935 1581 turbidus
952 1551 1057 1592 atque
1074 1548 1143 1582 huc

58 1592 202 1628 Lustrat
218 1606 304 1639 equo
321 1606 445 1637 muros,
463 1594 666 1638 aditumque
682 1605 744 1638 per
760 1594 838 1627 avia
855 1595 988 1638 quaerit.

59 1640 111 1673 Ac
128 1641 238 1674 veluti
254 1641 355 1685 pleno
372 1641 476 1684 lupus
493 1640 676 1673 insidiatus
693 1639 776 1673 ovili

61 1685 176 1726 Quum
192 1686 309 1719 fremit
325 1686 370 1720 ad
389 1686 515 1728 caulas,
531 1689 651 1719 ventos
667 1696 846 1729 perpessus
864 1689 899 1719 et
916 1685 1050 1728 imbres,
1125 1687 1169 1718 60

59 1730 169 1765 Nocte
186 1743 289 1777 super
304 1731 419 1765 media
432 1743 441 1772 ;
465 1731 536 1765 tuti
555 1730 618 1765 sub
633 1729 802 1765 matribus
819 1732 901 1776 agni
