1320 1932
550 70 710 105 OULEX.
1090 71 1157 102 383

46 137 182 171 Blanda
198 148 280 171 voce
297 148 426 182 sequax
442 137 617 180 regionem
633 136 805 170 insederat
823 135 974 180 Orphei3

46 184 198 227 Jamque
214 183 321 216 imam
338 183 442 216 viridi
458 183 609 216 radicem
625 193 704 214 mov
707 186 780 214 elat
797 182 868 214 alte

48 229 199 269 Quercus
216 229 334 271 humo,
351 233 587 271 steterantque
603 239 730 270 amneS,
749 227 813 259 silv
816 239 911 271 aeque
929 237 1056 260 sonorae
1091 227 1158 259 280

47 274 176 318 Sponte
193 285 256 307 sua
274 278 397 307 cantus
413 273 596 317 rapiebant
613 274 738 306 cortice
755 284 882 306 amara.

47 319 218 352 Labentes
234 319 367 363 bijuges
384 319 492 352 etiam
507 330 568 362 per
584 318 695 351 sidera
712 318 812 351 Luna

48 364 177 398 Pressit
194 376 298 408 equos
313 377 321 405 3
346 369 380 397 et
396 368 438 397 tu
454 369 640 406 currentes,
657 369 836 397 menstrua
852 363 960 407 virgo,

49 410 224 443 Auditura
240 410 351 453 lyram
369 409 515 442 tenuisti
530 413 631 442 nocte
647 409 779 442 relicta.

49 455 134 488 Haec
151 456 271 488 eadem
287 456 404 499 potuit
421 455 513 487 Ditis
530 458 565 487 te
581 455 718 488 vincere
736 455 875 498 conjux,

49 501 315 544 Eurydicenque
332 500 423 533 ultro
442 500 636 532 ducendam
651 500 802 533 reddere.
842 500 921 533 Non
938 499 1000 543 fas,

49 546 128 579 Non
145 550 219 579 erat
235 547 273 579 in
289 546 399 579 vitam
416 546 504 578 divae
522 545 695 578 exorabile
712 557 851 579 numen.

50 592 118 625 Illa
135 592 284 635 quidem,
301 591 449 623 nimium
465 602 584 624 manes
601 596 744 634 experta
762 602 905 634 severos,

50 637 269 680 Praeceptum
287 636 448 679 signabat
464 636 531 669 iter
546 649 554 676 ;
579 648 642 669 nec
659 636 781 669 retulit
798 637 894 669 intus

50 682 209 725 Lumina,
226 694 289 715 nec
307 682 396 715 divae
414 682 566 725 corrupit
583 693 727 714 munera
744 682 866 724 lingua
880 694 886 716 :
1096 683 1164 714 290

51 728 119 762 Sed
136 732 175 761 tu
192 727 349 770 crudelis,
368 727 514 760 crudelis
532 732 571 760 tu
588 727 708 770 magis,
727 727 877 771 Orpheu,

53 774 179 807 Oscula
196 785 275 806 cara
291 777 411 817 petens
428 773 554 816 rupisti
566 774 664 816 jussa
681 773 832 806 deorum.

51 819 187 862 Dignus
204 830 299 852 amor
316 819 425 860 venja,
443 830 590 862 parvum
607 819 635 851 si
652 819 795 851 Tartara
812 821 951 851 nossent

51 864 241 898 Peccatum
257 864 437 907 ignovisse.
478 863 545 896 Sed
562 868 597 896 et
614 875 672 897 vos
690 864 768 896 sede
785 864 929 907 piorum,

53 909 123 943 Vos
140 914 259 943 manet
276 910 431 942 Heroum
448 914 568 942 contra
584 921 716 943 manus.
758 909 826 942 Hic
844 914 878 942 et
895 914 1042 953 uterque

54 956 214 989 AEacides
228 967 235 988 :
261 955 384 988 Peleus
401 966 551 998 namque
568 959 603 988 et
620 955 819 988 Telamonia
835 955 946 988 virtus

55 1001 122 1035 Per
138 1012 255 1034 secura
299 1001 383 1034 atris
399 1001 565 1033 laetantur
581 1001 736 1043 numina,
754 1012 899 1044 quorum

55 1047 242 1080 Connubiis
260 1013 376 1079 xyenus
393 1050 428 1078 et
445 1046 564 1079 Virtus
581 1047 736 1090 injunxit
753 1046 925 1080 honorem.

56 1092 161 1126 Hunc
177 1092 295 1136 rapuit
312 1103 409 1124 serva
423 1103 429 1125 :
455 1095 509 1125 ast
526 1091 627 1124 illum
644 1092 764 1124 Nereis
782 1093 921 1125 amavit.

55 1137 195 1171 Assidet
211 1138 276 1171 hac
288 1137 437 1181 juvenis,
455 1137 561 1170 sociat
578 1149 681 1180 quem
697 1137 815 1180 gloria,
833 1138 940 1181 fortis,
1100 1139 1168 1170 300

56 1183 156 1226 Acer,
173 1184 384 1225 inexcussus,
401 1183 551 1215 referens
568 1194 588 1215 a
605 1183 751 1216 navibus
768 1183 865 1225 ignes

56 1229 226 1273 Argolicis
244 1229 412 1272 Phrygios
430 1232 528 1261 torva
544 1229 683 1261 feritate
699 1229 861 1272 repulsos.

59 1274 87 1308 Ο
105 1275 182 1319 quis
198 1286 268 1307 non
285 1274 412 1307 referat
428 1274 508 1307 talis
526 1274 674 1307 divortia
690 1274 782 1317 belli,

60 1321 145 1361 Quae
163 1321 272 1364 Trojae
289 1320 405 1354 videre
421 1320 497 1362 viri,
514 1320 700 1363 videreque
718 1320 822 1362 Graii,

58 1366 203 1399 Teucria
219 1377 326 1409 quum
342 1376 467 1408 magno
484 1370 640 1398 manaret
658 1365 826 1408 sanguine
842 1365 955 1408 tellus,

59 1411 106 1444 Et
123 1412 258 1454 Simois,
276 1411 476 1455 Xanthique
492 1411 606 1454 liquor
616 1424 624 1451 3
650 1411 818 1454 Sigeaque
834 1415 960 1454 praeter

59 1457 187 1500 Litora,
205 1469 313 1501 quum
330 1457 433 1489 Troas
451 1457 534 1489 saevi
551 1457 648 1489 ducis
667 1457 826 1489 Hectoris
843 1457 895 1490 ira

60 1502 187 1536 Videre
203 1503 241 1535 in
258 1503 380 1536 classes
397 1502 539 1535 inimica
555 1506 671 1535 mente
688 1502 850 1545 Pelasgas

62 1547 225 1590 Vulnera,
241 1548 322 1591 tela,
339 1558 448 1590 nece'S,
466 1548 563 1591 ignes
579 1548 706 1581 inferre
723 1552 869 1591 paratos.

62 1593 144 1637 Ipsa
155 1594 252 1637 jugis
269 1605 420 1637 namque
438 1594 513 1635 Ida,
531 1597 652 1637 potens
669 1594 828 1636 feritatis,
846 1597 881 1626 et
897 1593 974 1637 ipsa
1104 1595 1172 1626 310

61 1639 176 1683 AEqua
191 1640 283 1672 faces
300 1639 407 1672 altrix
424 1639 559 1683 cupidis
575 1639 750 1683 praebebat
767 1639 927 1682 alumnis,

62 1683 182 1719 Omnis
198 1688 240 1718 ut
256 1685 294 1717 in
310 1685 439 1718 cineres
458 1685 595 1718 Rhoete'i
612 1685 721 1718 litoris
738 1696 798 1718 ora

64 1729 236 1764 classibus
252 1730 420 1764 ambustis
436 1730 575 1764 flamma
593 1735 777 1775 superante
794 1730 944 1765 daretur.
