1320 1932
586 113 719 147 CIRIS.

94 177 148 211 Ne
163 177 260 220 mihi,
279 189 384 222 quam
401 177 523 220 merui,
539 177 706 219 invideas,
723 177 912 221 nutricula,
928 181 1084 211 mortem.

95 223 186 256 Nam
202 223 270 256 nisi
287 229 322 257 te
338 224 436 257 nobis
452 223 574 266 malus,
593 234 612 256 ο
629 223 750 265 malus,
769 224 900 267 optima
919 223 1048 267 Carme,

99 270 192 302 Ante
208 268 302 302 hunc
320 273 542 313 conspectum
559 280 701 302 casusve
718 269 845 302 deusve
857 269 1004 311 tulisset,

95 314 170 347 Aut
186 314 276 347 ferro
292 314 357 348 hoc
375 315 502 358 (aperit
517 314 648 347 ferrum
666 314 757 357 quod
775 319 869 347 veste
885 314 1032 358 latebat)

93 358 314 403 Purpureum
331 361 440 404 patris
457 360 655 393 demsissem
672 360 800 393 vertice
817 360 956 402 crinem,

95 404 169 438 Aut
185 405 272 438 mihi
288 406 450 449 praesenti
466 406 674 450 peperissem
691 405 832 438 vulnere
849 403 984 439 letmn.''

140 450 210 484 Vix
226 450 300 484 haec
317 451 481 494 ediderat,
500 462 608 494 quum
625 450 722 484 clade
739 451 907 484 exterrita
923 451 1016 484 tristi

93 495 252 529 Intonsos
267 497 379 530 multo
397 497 562 540 deturpat
578 497 721 541 pulvere
738 496 857 539 crines,

92 540 139 574 Et
156 542 308 585 graviter
324 546 450 586 questu
467 543 588 576 Carme
605 542 794 586 complorat
811 541 897 575 anili
911 554 918 575 :

97 586 118 602 “
129 587 156 619 O
173 586 261 620 mihi·
277 597 370 620 nune
387 587 514 619 iterum
531 586 679 619 erudelis
696 587 829 619 reddite
847 586 971 628 Minos,

94 631 122 665 O
139 632 268 665 iterum
283 636 410 665 nostrae
427 631 542 664 Minos
559 630 698 663 inimice
716 634 872 671 senectae,

91 676 232 721 Semper
248 681 284 711 et
300 682 363 711 aut
379 677 462 710 olim
477 680 571 719 nata,
589 687 608 710 0
625 679 660 709 te
676 679 816 720 propt-er
833 674 992 718 eundem,

90 723 165 756 Aut
182 734 277 756 amor
293 723 424 756 insanae
440 723 577 755 luctum
593 721 746 766 portavit
763 720 922 754 alumnae.

93 768 186 802 Tene
202 779 264 811 ego
281 772 354 802 tam
370 769 473 811 longe
489 772 593 811 capt-a
610 771 715 811 atque
732 770 853 800 avecta
869 765 1021 809 nequivi,

92 813 179 847 Tam
195 825 301 857 grave
319 814 508 856 servitium,
524 818 599 846 tam
615 813 718 846 duros
735 823 835 856 passa
852 811 994 853 labores,

90 858 262 903 Effugere,
279 863 321 893 ut
338 860 457 892 sistam
475 859 624 892 exitium
641 858 780 891 crudele
795 868 952 890 meorum
966 856 978 889 2

89 904 115 938 J
117 916 174 938 am
185 906 261 949 jam
277 916 342 938 1166
358 905 457 938 nobis
475 916 524 948 ea,
542 915 619 948 quae
637 903 837 945 senioribus,
853 902 969 936 ullum

92 950 198 994 Copia
214 951 355 984 vivendi
371 951 452 984 vitae
470 962 588 994 genus.
630 950 680 983 Ut
697 949 781 994 quid
799 959 862 992 ego
879 959 997 981 amens

89 995 137 1030 Te
154 1000 282 1040 erepta,
300 1008 320 1030 o
336 996 550 1039 Britomarti,
567 1007 652 1029 meae
671 1007 746 1039 spes
762 1006 834 1028 una
852 994 985 1037 salutis,

92 1041 149 1084 Te,
167 1042 380 1085 Britomarti,
398 1042 491 1075 diem
507 1041 607 1086 potui
622 1041 813 1085 producere
830 1040 912 1074 vitae
927 1039 939 1072 ’ἓ

89 1087 208 1131 Atque
224 1088 363 1120 utinam
380 1088 483 1121 celeri
497 1099 542 1120 ne
558 1091 699 1121 tantum
716 1090 817 1130 grata
833 1085 956 1119 Dianae

90 1133 248 1166 Venatus
265 1144 353 1166 esses
369 1133 466 1176 virgo
484 1137 615 1166 sectata
631 1133 783 1166 virorum

91 1179 218 1212 Gnosia
234 1190 302 1212 neu
320 1174 450 1212 Partho
468 1178 679 1212 contendens
696 1177 830 1222 spicula
847 1187 954 1210 cornu

89 1224 241 1258 Dictaeas
259 1236 376 1268 ageres
394 1225 437 1258 ad
454 1224 613 1268 gramina
629 1227 712 1256 nota
729 1222 896 1266 capellas:

88 1270 290 1314 Nunquam,
307 1274 381 1303 tam
398 1270 524 1303 obnixe
539 1270 678 1313 fugiens
695 1269 823 1302 Minois
840 1279 982 1311 amores,

90 1315 249 1360 Praeceps
267 1316 376 1349 aereis
394 1315 534 1360 specula
552 1316 594 1348 de
610 1314 786 1348 montibus
803 1315 896 1356 isses,

90 1361 191 1395 Unde
208 1361 269 1395 alii
285 1362 414 1404 fugisse
430 1362 559 1404 ferunt,
577 1365 612 1394 et
627 1360 772 1393 numina
789 1359 933 1403 Aphaeae

90 1407 245 1451 Virginis
262 1407 442 1450 assignant
456 1419 462 1440 :
488 1407 559 1449 alii,
574 1418 641 1450 quo
657 1406 772 1439 notior
788 1416 886 1448 esseS,

92 1453 307 1496 Dictynnam
325 1453 443 1486 dixere
459 1457 520 1486 tuo
538 1452 580 1485 de
596 1451 736 1485 nomine
752 1451 897 1484 Lunam.

87 1498 168 1532 Sint
184 1498 260 1532 haec
276 1509 357 1532 vera
375 1498 498 1532 velim:
523 1498 610 1531 mihi
628 1501 727 1539 certe,
745 1500 838 1539 nata,
855 1495 985 1540 peristi.

88 1544 279 1588 Nunquam
296 1555 358 1588 ego
374 1548 410 1578 te
428 1554 560 1577 summo
577 1543 783 1576 volitantem
800 1542 837 1574 in
854 1542 982 1575 vertice
999 1540 1127 1574 montis

90 1590 272 1634 Hyrcanos
289 1590 381 1623 inter
398 1589 539 1623 comites
557 1599 749 1632 agmenque
766 1588 919 1621 ferarum

90 1636 318 1680 Conspiciam,
335 1647 399 1669 nec
416 1639 452 1668 te
467 1635 672 1668 redeuntem
689 1633 851 1678 amplexa
867 1632 1001 1666 tenebo.

89 1681 220 1715 Verum
237 1681 311 1715 haec
328 1685 404 1715 tum
419 1681 518 1714 nobis
534 1680 655 1724 gravia
671 1683 776 1723 atque
793 1679 939 1722 indigna
954 1679 1061 1721 fuere,

88 1727 187 1770 Tum,
204 1739 282 1761 mea
300 1727 453 1770 alumna,
470 1727 524 1760 tui
541 1737 650 1770 quum
666 1737 742 1770 spes
759 1725 896 1768 integra
912 1728 1069 1758 maneret
1084 1736 1093 1765 ;

89 1772 136 1806 Et
153 1784 220 1808 vox
237 1773 306 1807 ista
321 1784 415 1807 meas
431 1772 588 1806 nondum
604 1771 795 1806 violaverat
812 1782 920 1804 aures.

1147 115 1214 147 395

1144 317 1212 348 280

1141 766 1210 797 290

1141 1223 1209 1254 300

1141 1679 1209 1711 310
