1320 1932
619 81 751 115 CIRIS.
1176 84 1239 115 391

131 148 197 182 Sed
213 149 325 182 malus
342 148 401 181 ille
417 159 513 192 puer,
531 159 633 192 quem
649 159 713 181 nec
731 159 793 181 sua
809 148 945 182 flectere
962 152 1073 182 mater

131 195 265 227 Iratum
282 195 408 238 potuit,
425 205 527 237 quem
544 205 607 226 nec
624 199 723 238 pater
739 199 844 238 atque
861 206 946 228 avus
964 194 1056 228 idem

131 240 155 274 J
158 251 206 283 u
208 240 283 281 iter,
301 240 360 273 ille
378 240 482 273 etiam
501 239 622 272 Poenos
641 240 808 273 domitare
826 240 939 273 leones

131 285 176 318 Et
183 252 326 319 validas
343 285 461 318 docuit
478 285 566 318 vires
583 296 820 318 mansuescere
837 286 945 328 tigris,

132 331 196 363 Ille
213 331 318 364 etiam
336 331 442 373 divos,
460 330 633 371 homines3
659 331 717 363 sed
735 331 769 363 di
761 342 847 364 cere
864 342 1030 374 magnum
1048 334 1119 378 est5

132 376 230 410 Idem
247 382 323 409 tum
340 376 455 409 tristes
473 375 618 409 acuebat
635 388 720 420 parv
723 376 828 409 ulus
819 388 886 410 iras

132 422 156 455 J
159 433 283 455 unoms
299 433 416 474 magna
407 433 442 463 e,
456 421 571 466 [cujus
588 422 739 466 perjuria
757 422 846 455 divae

134 468 225 500 Olim
242 479 277 500 se
293 467 489 500 meminisse
506 467 567 500 diu
584 469 722 520 perjura
739 467 864 520 puellae
1183 467 1249 500 140

133 513 211 546 Non
228 513 292 545 ulli
309 511 438 557 liceat,]
463 513 678 546 violaverat
669 514 777 546 inscia
795 513 918 556 sedem,

134 558 228 591 Dum
245 559 348 591 sacris
365 563 507 602 operata
524 559 596 591 deae
614 559 760 601 lascivit,
778 565 812 592 et
830 564 930 592 extra

134 604 294 638 Procedit
311 604 412 648 longe
429 609 580 638 matrum
598 604 832 648 comitumque
850 608 1034 647 catervam,

135 649 344 694 Suspensam
361 649 516 692 gaudens
532 650 569 682 in
587 661 724 693 corpore
743 650 860 684 ludere
877 655 1018 693 vestem,

136 696 182 729 Et
199 695 351 728 tumidos
368 695 526 738 agitante
544 695 638 728 sinus
657 695 827 739 Aquilone
844 696 1014 729 relaxans,

136 741 294 774 Necdum
312 741 417 774 etiam
435 745 544 774 castos
562 741 755 784 agitaverat
772 742 863 784 ignis
880 741 1034 784 honores,

137 786 294 820 Necdum
312 786 454 820 solemni
472 786 615 830 lympha
632 786 771 830 perfusa
789 787 942 820 sacerdos

138 832 306 866 Pallentis
323 832 415 864 foliis
433 837 539 875 caput
557 837 740 865 exornarat
759 832 873 865 olivae:

139 878 254 919 Quum
271 877 369 921 lapsa
386 888 404 909 e
421 877 582 910 manibus
598 877 691 920 fugit
708 878 789 921 pila,
808 889 983 921 quumque
1001 878 1135 922 relapsa

139 923 315 957 Procurrit
331 924 446 967 virgo:
472 934 540 966 quo
557 923 694 956 utinam
711 934 754 956 ne
772 923 908 967 prodita
925 923 1007 956 ludo
1189 924 1256 955 150

139 970 254 1002 Aurea
272 973 342 1002 tam
361 969 483 1012 gracili
502 969 657 1001 solvisset
675 980 815 1012 corpora
832 969 943 1013 palla!

141 1015 276 1058 Omnia,
295 1026 370 1058 quae
388 1015 537 1047 retinere
554 1014 710 1057 gradum,
729 1026 936 1058 cursumque
953 1014 1080 1048 morari

141 1061 294 1104 Possem,
312 1071 331 1094 o
348 1066 465 1093 tecum
484 1060 607 1093 vellem
625 1064 687 1092 tua
705 1071 839 1104 semper
855 1059 1015 1095 haberes!

141 1106 220 1140 Non
237 1117 392 1149 unquam
409 1106 540 1138 violata
556 1116 663 1138 manu
681 1106 828 1139 sacraria
846 1106 934 1138 divae

142 1152 167 1186 J
169 1151 302 1186 urando
319 1151 443 1184 infelix
459 1151 697 1195 nequidquam
709 1152 791 1194 jura
807 1152 944 1195 piasseS.

142 1198 189 1231 Et
207 1198 235 1231 si
252 1197 328 1241 quis
345 1197 501 1230 nocuisse
520 1196 584 1229 tibi
602 1196 754 1240 perjuria
771 1197 898 1239 credat,

144 1244 256 1277 Causa
272 1243 330 1287 pia
347 1246 416 1275 est:
442 1243 564 1275 timuit
580 1242 681 1275 fratri
699 1247 733 1275 te
750 1242 929 1276 ostendere
946 1242 970 1276 J
972 1253 1052 1277 uno.

142 1289 192 1323 At
208 1289 292 1322 levis
309 1288 367 1321 ille
385 1288 478 1330 deus,
497 1288 552 1321 cuj
573 1299 705 1331 semper
722 1288 766 1321 ad
783 1287 1022 1321 ulciscendum

145 1334 319 1376 Quaeritur
336 1345 378 1367 ex
396 1334 489 1366 omni
506 1333 690 1367 verborum
706 1333 835 1377 injuria
851 1333 954 1377 dicto,

143 1381 260 1414 Aurea
275 1380 426 1423 fulgenti
444 1379 647 1423 depromens
664 1379 735 1412 tela
751 1379 924 1423 pharetra,
1193 1378 1262 1413 160

145 1426 226 1459 Heu
242 1426 390 1458 nimium
406 1426 519 1467 tereti,
537 1425 687 1457 nimium
704 1424 888 1468 Tirynthia
905 1425 992 1468 visu,

146 1471 298 1515 Virginis
315 1471 351 1504 in
369 1475 487 1504 tenera
505 1471 674 1504 defixerat
691 1471 806 1503 omnia
822 1474 948 1504 mente.

147 1516 231 1559 Quae
249 1517 352 1550 simul
369 1528 409 1549 ac
426 1517 521 1550 venis
538 1516 658 1550 hausit
675 1516 873 1549 sitientibus
890 1516 1017 1560 ignem,

145 1563 193 1597 Et
208 1563 364 1597 validum
381 1562 519 1606 penitus
537 1561 697 1605 concepit
713 1562 751 1594 in
768 1573 842 1595 ossa
858 1561 1009 1595 furorem
1022 1573 1032 1603 ς

147 1610 246 1643 Saeva
261 1607 359 1641 velut
375 1608 499 1651 gelidis
517 1608 685 1641 Ciconum
702 1607 853 1640 Bistonis
869 1607 907 1640 in
924 1607 1001 1651 oris,

148 1655 267 1693 Ictave
283 1653 460 1687 barbarico
478 1653 619 1696 Cybeles
636 1653 800 1687 antistita
814 1653 919 1696 buxo,

148 1699 280 1735 Infelix
296 1700 393 1744 virgo
410 1703 485 1732 tota
501 1698 690 1733 bacchatur
706 1699 746 1731 in
763 1698 857 1741 urbe,

147 1748 227 1782 Non
244 1750 378 1790 styrace
395 1745 486 1779 Idaeo
502 1745 689 1789 flagrantes
706 1744 802 1789 picta
819 1743 972 1789 capillos,
