1345 1927
172 70 239 102 268
472 66 510 100 Ρ.
539 66 744 100 VIRGILII
771 65 986 101 MARONIS

171 134 218 167 Et
235 134 365 167 circum
381 137 525 177 argento
543 134 626 167 clari
643 133 824 177 delphines
841 134 879 167 in
896 133 1012 167 orbem

171 179 323 223 AEquora
339 179 521 212 verrebant
538 179 667 222 caudis,
685 184 876 223 aestumque
893 178 1064 213 secabant.

173 224 215 257 In
232 224 345 258 medio
362 224 485 258 classes
503 229 636 268 aeratas,
654 225 758 258 Actia
774 225 875 267 bella,

172 269 316 304 Cernere
333 274 407 303 erat
421 282 430 310 ;
455 274 637 314 totumque
654 270 824 303 instructo
841 270 956 303 Marte
973 269 1104 304 videres

172 315 317 349 Fervere
334 315 518 358 Leuca,ten
537 327 688 359 auroque
705 315 870 359 effulgere
887 315 1023 349 fluctus.

172 360 266 394 Hinc
283 360 464 405 Augustus
481 372 586 405 agens
604 361 738 394 Italos
728 372 764 394 m
782 361 904 405 proelia
921 361 1034 394 Caesar

172 406 258 439 Cum
275 406 441 451 patribus,
459 407 664 450 populoque,
682 406 866 458 penatibus
883 410 918 439 et
935 406 1070 450 magnis
1087 405 1150 449 dis,

171 451 275 485 Stans
292 452 408 485 celsa'
399 463 435 485 in
453 452 583 504 puppi:
609 453 764 495 geminas
782 452 839 485 cui
856 455 1011 504 temp-ora
1027 452 1184 486 flammas
1221 453 1288 486 680

172 497 268 530 Laeta
285 502 439 539 vomunt,
457 498 679 549 patriumque
695 497 850 541 aperitur
868 497 996 531 vertice
1013 497 1117 531 sidus.

172 542 276 576 Parte
293 543 363 576 alia
380 543 493 576 ventis
510 547 544 575 et
561 542 614 575 dis
631 542 788 594 Agrippa
804 543 963 576 secundis

171 588 312 621 Arduus
329 599 455 631 agmen
471 599 600 631 agens:
626 588 692 630 cui,
710 587 817 620 belli
809 588 944 631 insigne
961 588 1157 632 superbum,

173 633 341 678 Tempora
358 633 476 667 navali
493 633 632 677 fulgent
648 637 798 666 rostrata
814 644 946 667 corona.

173 679 267 712 Hinc
284 690 348 723 ope
364 679 542 714 barbarica
559 679 733 722 variisque
750 678 923 712 Antonius
939 679 1044 712 armis

173 724 292 758 Victor
308 724 352 758 ab
370 724 509 758 Aurorae
526 724 663 769 populis
680 728 715 757 et
732 724 833 757 litore
849 724 953 758 rubro

171 770 366 814 AEgyptum
384 771 540 814 viresque
559 770 709 804 Orientis
727 774 761 803 et
778 770 904 803 ultima
922 781 1037 804 secum

171 815 298 849 Bactra
315 816 411 849 vehit
428 829 436 856 ;
462 816 695 860 sequiturque,
713 816 811 849 nefas
828 818 834 848 !
863 816 1030 859 AEgyptia
1047 817 1185 860 conjux.

172 861 251 895 Una
268 872 385 895 omnes
402 873 510 905 ruere,
529 873 568 895 ac
587 866 699 894 totum
718 872 889 905 spumare,
906 861 1059 895 reductis

172 906 383 940 Convulsum
400 907 502 940 remis
519 907 706 951 rostrisque
724 907 943 948 tridentibus,
962 918 1088 950 aequor.
1223 909 1290 941 690

171 952 255 986 Alta
272 956 418 996 petunt:
444 952 565 997 pelago
583 953 700 986 credas
718 953 838 986 innare
854 952 1008 986 revulsas

173 998 348 1042 Cycladas,
366 1002 429 1032 aut
445 1003 578 1032 montes
596 1009 798 1032 concurrere
815 998 991 1031 montibus
1008 998 1097 1032 altos
1113 1008 1119 1029 :

172 1043 285 1077 Tanta
301 1043 390 1077 mole
407 1044 473 1077 viri
490 1044 626 1077 turritis
643 1043 819 1088 puppibus
836 1044 978 1077 instant.

172 1088 328 1133 Stuppea
343 1089 483 1123 flamma
499 1100 607 1122 manu
624 1090 772 1133 telisque
790 1089 931 1122 volatile
947 1090 1077 1122 ferrum

171 1134 357 1178 Spargitur
372 1148 380 1176 ς
406 1146 489 1169 arva
505 1146 595 1168 nova
612 1135 791 1179 Neptunia
807 1135 899 1168 caede
915 1134 1111 1169 rubescunt.

173 1180 307 1224 Regina
324 1181 360 1213 in
377 1180 499 1213 mediis
516 1181 628 1224 patrio
646 1185 746 1214 vocat
763 1181 904 1224 agmina
921 1181 1019 1214 sistro
1036 1193 1045 1221 3

171 1226 330 1259 Necdum
347 1226 453 1260 etiam
469 1226 624 1269 geminos
641 1237 662 1259 a
678 1230 775 1269 tergo
791 1226 932 1270 respicit
948 1237 1089 1269 angues.

173 1272 475 1316 Omnigenumque
492 1271 596 1305 desim
613 1276 768 1305 monstra
784 1276 819 1305 et
835 1272 981 1306 latrator
998 1271 1130 1305 Anubis

173 1317 299 1351 Contra
315 1317 521 1361 Neptunum
539 1322 573 1351 et
590 1317 760 1351 Venerem
777 1322 964 1361 contraque
983 1317 1178 1351 Minervam

173 1363 256 1396 Tela
272 1367 403 1396 tenent.
452 1362 558 1396 Saevit
574 1363 687 1397 medio
703 1363 740 1396 in
758 1363 946 1397 certamine
962 1362 1102 1397 Mavors
1225 1364 1291 1397 700

173 1409 322 1442 Caelatus
338 1409 437 1451 ferro,
455 1409 639 1452 tristesque
655 1420 698 1442 ex
717 1409 844 1443 aethere
861 1409 952 1442 Dirae
966 1420 976 1450 3

172 1454 218 1488 Et
236 1454 339 1488 scissa
355 1454 510 1497 gaudens
528 1455 625 1488 vadit
643 1454 822 1488 Discordia
838 1455 932 1498 palla
948 1466 955 1488 ε

173 1500 285 1540 Quam
302 1511 383 1533 cum
400 1500 588 1543 sanguineo
606 1500 763 1544 sequitui·
780 1500 923 1534 Bellona
939 1499 1085 1543 flagello.

172 1546 295 1579 Actius
313 1545 387 1579 haec
406 1557 547 1579 cernens
564 1557 683 1579 arcum
700 1545 904 1579 intendebat
921 1545 1044 1590 Apollo

171 1590 329 1635 Desuper
344 1603 351 1624 :
377 1591 487 1624 omnis
504 1603 543 1625 eo
560 1595 688 1625 tenore
705 1592 879 1636 AEgyptus
895 1595 931 1624 et
948 1591 1038 1634 Indi,

173 1636 293 1670 Omnis
311 1637 429 1680 Arabs,
448 1648 565 1670 omnes
583 1637 764 1670 vertebant
782 1642 880 1680 terga
897 1636 1019 1670 Sabaei.

173 1681 254 1725 Ipsa
272 1681 455 1716 videbatur
471 1683 584 1716 ventis
600 1683 720 1726 regina
737 1683 866 1716 vocatis

174 1726 260 1761 Vela
277 1727 367 1771 dare,
385 1732 420 1762 et
438 1728 534 1762 laxos
545 1730 620 1772 jam
633 1730 777 1772 jamque
793 1728 981 1762 immittere
997 1727 1108 1762 funes·

1336 1274 1337 1292 1

1335 1303 1337 1326 4
