1345 1927
87 67 154 99 124
393 65 431 100 P.
458 65 665 100 VIRGILII
691 64 905 99 MARONIS

84 131 166 166 Tela
182 143 290 165 manu
306 131 422 165 miseri
434 132 618 175 jactabant
635 132 734 165 irrita
751 131 883 165 Teucri.

84 177 234 220 Turrim,
250 178 287 210 in
304 178 477 222 praecipiti
495 182 645 211 stantem
663 178 875 220 summisque
893 177 956 211 sub
973 180 1066 211 astra
1135 177 1204 210 460

84 223 259 257 Eductam
276 224 388 265 tectis,
408 223 499 256 unde
516 224 627 256 omnis
645 223 745 267 Troja
762 223 882 265 videri,

84 268 131 302 Et
148 269 311 302 Danaum
328 269 437 302 solitae
455 280 569 312 naves,
587 273 622 302 et
639 269 775 302 Achaia
793 273 916 311 castra,

85 315 249 358 Aggressi
266 315 357 348 ferro
375 315 515 357 circum,
533 326 601 358 quo
619 326 755 348 summa
771 314 929 347 labantes

85 360 110 394 J
115 365 279 394 uncturas
296 360 456 394 tabulata
473 359 612 403 dabant,
631 360 858 394 convellimus
875 360 956 393 altis

86 405 242 449 Sedibus,
256 406 527 450 impulimusque
542 418 548 439 :
575 417 616 439 ea
632 405 730 450 lapsa
746 409 888 449 repente
905 406 1044 438 ruinam

87 451 174 485 Cum
193 452 309 485 sonitu
327 452 447 494 trahit,
464 455 499 484 ct
516 451 680 484 Danaum
697 463 799 495 super
816 451 958 494 agmina
975 451 1045 485 late

87 497 229 530 Incidit.
271 497 336 530 Ast
353 497 414 530 alii
431 496 581 530 subeunt
596 509 604 537 3
628 508 692 530 nec
709 508 803 539 saxa,
820 508 884 530 nec
900 497 1013 530 ullum

86 542 248 576 Telorum
265 542 398 575 interea
415 546 524 575 cessat
541 553 659 584 genus.

135 586 153 600 ‘⁶
166 584 387 617 Vestibulum
403 589 485 618 ante
502 585 617 628 ipsum
634 585 814 628 primoque
831 583 869 617 in
884 583 1005 618 limine
1022 584 1178 629 Pyrrhus

85 627 262 670 Exsultat,
278 627 358 660 telis
376 631 410 661 et
427 627 505 661 luce
523 639 683 661 coruscus
700 628 812 661 ahena
826 640 833 662 z
1138 631 1206 662 470

87 673 207 714 Qualis
225 673 286 706 ubi
303 673 341 705 in
357 673 473 706 lucem
490 673 638 716 coluber,
656 673 749 706 mala
766 673 927 717 gramina
943 677 1074 718 pastus,

86 718 229 762 Frigida
246 718 310 751 sub
327 722 420 752 terra
437 719 614 752 tumidum
631 730 733 762 quem
749 719 874 753 bruma
890 719 1042 764 tegebat,

86 764 189 798 Nunc
206 764 326 808 positis
343 776 453 798 novus
470 765 605 798 exuviis
622 765 823 809 nitidusque
834 766 995 809 juventa,

87 810 238 844 Lubrica
254 810 429 844 convolvit
447 810 583 844 sublato
600 815 737 854 pectore
755 814 854 854 terga

89 856 229 889 Arduus
246 856 290 889 ad
309 856 425 899 solem,
443 860 478 889 et
494 855 624 900 linguis
641 857 749 890 micat
766 868 822 889 ore
839 856 1002 891 trisulcis.

87 901 168 935 Una
183 902 307 945 ingens
325 902 492 946 Periphas
509 906 544 935 et
561 913 728 946 equorum
745 903 896 946 agitator
913 902 1059 936 Achillis

87 947 248 991 Armiger
262 947 492 990 Automedon,
510 959 582 981 una
598 948 709 981 omnis
727 947 846 991 Scyria
862 948 971 992 pubes

88 992 288 1026 Succedunt
305 997 407 1036 tecto,
425 997 460 1026 et
478 993 634 1026 flammas
652 993 696 1026 ad
714 993 868 1027 culmina
879 995 1028 1038 jactant.

89 1039 167 1082 Ipse
184 1039 276 1072 inter
292 1039 419 1083 primos
437 1043 593 1083 correpta
610 1039 698 1073 dura
713 1039 857 1083 bipenni

88 1084 227 1118 Limina
243 1085 448 1129 perrumpit,
466 1089 649 1129 postesque
665 1096 687 1118 a
703 1085 843 1119 cardine
860 1085 960 1119 vellit
1139 1088 1207 1119 480

88 1130 226 1164 AEratos
241 1143 249 1172 ;
269 1132 413 1175 jamque
430 1131 546 1164 excisa
563 1131 660 1164 trabe
676 1131 777 1164 firma
794 1132 932 1164 cavavit

89 1176 235 1220 Robora,
253 1181 288 1210 et
304 1177 484 1220 ingentem
500 1177 571 1210 lato
589 1177 686 1210 dedit
702 1189 758 1210 ore
775 1177 971 1212 fenestram.

88 1222 245 1266 Apparet
262 1222 384 1255 domus
400 1222 506 1265 intus,
524 1226 559 1255 et
576 1222 666 1256 atria
682 1222 786 1265 longa
803 1227 1007 1266 patescunt;

87 1268 270 1312 Apparent
286 1267 417 1301 Priami
434 1271 469 1301 et
486 1272 643 1301 veterum
659 1268 852 1312 penetralia
867 1280 990 1312 regum
999 1281 1009 1310 ;

88 1314 319 1358 Armmosque
336 1313 456 1347 vident
474 1318 606 1347 stantes
622 1314 660 1346 in
677 1314 797 1347 limine
813 1314 933 1358 primO.
1042 1345 1047 1349 .

137 1362 155 1376 ‘²
168 1360 215 1391 At
233 1359 355 1392 domus
372 1360 515 1394 interior
531 1362 665 1404 gemitu
681 1361 875 1404 miseroque
892 1361 1049 1394 tumultu

88 1401 259 1434 Miscetur
272 1413 281 1442 ;
307 1402 516 1445 penitusque
532 1413 625 1435 cavae
641 1403 866 1447 plangoribus
883 1404 972 1438 aedes

89 1446 262 1480 Femineis
279 1447 420 1482 ululant
434 1460 443 1488 ;
467 1448 549 1481 ferit
565 1459 671 1482 aurea
687 1449 799 1482 sidera
815 1449 952 1484 clamor.

88 1492 178 1526 Tum
195 1492 331 1536 pavidae
349 1494 450 1526 tectis
467 1497 595 1527 matres
611 1495 814 1538 ingentibus
831 1499 957 1539 errant,

89 1538 340 1582 Amplexaeque
357 1542 479 1573 tenent
496 1544 620 1584 postes,
638 1544 744 1584 atque
762 1541 878 1575 oscula
894 1541 1019 1586 figunt.
1137 1545 1206 1577 490

89 1583 205 1618 Instat
222 1584 257 1617 vi
274 1584 389 1629 patria
406 1584 558 1629 Pyrrhus
573 1599 581 1627 3
606 1598 670 1620 nec
688 1586 848 1630 claustra,
865 1599 976 1632 neque
993 1588 1060 1632 ipsi

89 1630 256 1664 Custodes
273 1630 414 1664 sufferre
430 1631 558 1665 valent.
600 1632 711 1666 Labat
728 1633 835 1666 ariete
852 1633 969 1667 crebro

88 1675 114 1709 J
116 1687 219 1719 anua,
237 1681 272 1710 et
290 1677 395 1710 emoti
411 1678 644 1721 procumbunt
661 1679 801 1712 cardine
818 1682 940 1723 postes,

89 1721 148 1756 Fit
165 1722 223 1756 via
239 1722 274 1756 vi
288 1735 294 1757 :
319 1727 490 1768 rumpunt
507 1724 633 1768 aditus,
650 1725 847 1770 primosque
863 1725 1042 1760 trucidant
