1330 1932
486 100 701 146 AENEIDos
726 113 813 146 ΜΒ.
841 113 921 145 vn.
1205 114 1271 144 229

155 177 303 210 Externi
320 177 466 210 veniunt
483 178 612 220 generi,
629 178 690 221 qui
707 177 877 220 sanguine
894 179 1050 209 nostrum

155 222 290 256 Nomen
306 222 343 254 in
361 226 454 255 astra
470 223 594 265 ferant,
612 234 828 266 quorumque
845 222 888 255 ab
906 222 1013 264 stirpe
1030 226 1171 265 nepotes

157 267 283 301 Omnia
300 267 363 300 sub
380 266 536 310 pedibus,
554 279 622 311 qua
639 268 696 301 Sol
713 272 903 311 utrumque
919 278 1096 300 recurrens
1208 268 1273 300 100

154 313 291 356 Aspicit
310 312 495 355 Oceanum,
513 314 669 357 vertique
686 313 828 357 regique
844 310 1046 346 videbunt.'’

155 357 242 390 Haec
258 369 420 401 responsa
436 358 544 401 patris
562 358 686 400 Fauni,
703 359 923 402 monitusque
941 357 1057 390 silenti

153 402 263 436 Nocte
280 403 387 445 datos,
405 414 475 436 non
491 403 564 446 ipse
581 415 642 436 suo
659 404 785 447 premit
802 414 858 436 ore
875 403 1021 436 Latinus
1035 414 1042 435 τ

154 448 221 481 Sed
239 448 370 481 circum
386 448 457 481 late
474 448 622 482 volitans
635 450 710 492 jam
728 449 835 482 Fama
852 460 913 492 per
928 448 1031 481 urbes

153 493 323 526 Ausonias
341 493 481 536 tulerat,
493 505 600 536 quum
617 494 865 527 Laomedontia
881 493 990 537 pubes

155 538 338 571 Gramineo
354 538 439 582 ripae
455 539 618 582 religavit
635 539 678 573 ab
695 551 820 583 aggere
837 539 988 572 classem.

199 583 328 617 AEneas
344 584 516 627 primique
533 585 638 618 duces
656 589 690 618 et
707 585 853 628 pulcher
870 585 968 617 Iulus

155 628 306 672 Corpora
324 629 387 661 sub
403 630 509 662 ramis
527 630 706 673 deponunt
723 630 851 663 arboris
869 629 949 663 altae
966 642 974 670 ;

155 673 421 717 Instituuntque
439 675 553 718 dapes,
572 680 607 709 et
624 676 747 709 adorea
764 676 835 708 liba
851 687 912 719 per
928 674 1071 708 herbam

154 718 353 763 Subjiciunt
370 720 586 763 epulis‚—sic
603 721 746 764 Jupiter
762 721 820 753 ille
837 721 1046 754 monebat—
1202 722 1269 753 110

154 764 200 797 Et
219 765 354 798 Cereale
371 765 482 798 solum
499 767 608 809 pomis
625 765 818 809 agrestibus
835 770 974 809 augent.

155 810 351 843 Consumtis
369 810 425 842 hic
442 811 531 843 forte
547 811 634 853 aliis,
649 815 689 843 ut
706 815 839 844 vertere
856 822 988 843 morsus

155 854 331 898 Exiguam
347 855 384 887 in
403 855 557 888 Cererem
574 856 720 899 penuria
737 856 854 899 adegit
871 856 1006 898 edendi,

155 900 202 933 Et
218 900 345 933 violare
362 912 470 933 manu
485 901 654 945 malisque
670 901 860 934 audacibus
877 900 992 934 orbem

155 945 286 978 Fatalis
304 946 420 988 crusti,
438 946 567 989 patulis
584 958 648 980 nec
665 958 804 991 parcere
822 947 982 990 quadris:

158 992 178 1010 “
191 991 287 1024 Heus
306 993 314 1026 !
340 991 446 1024 etiam
463 1003 598 1025 mensas
615 991 850 1025 consumimus
867 991 900 1024 2²³
926 989 1042 1033 inquit
1061 988 1169 1023 Iulus.

152 1035 226 1068 Nec
243 1036 344 1079 plura
360 1035 526 1069 alludens.
567 1036 619 1069 Ea
635 1047 702 1069 vox
719 1036 841 1069 audita
857 1035 1014 1069 laborum

154 1080 271 1114 Prima
288 1081 372 1114 tulit
387 1081 501 1123 finem,
520 1081 735 1125 primamque
751 1081 924 1125 loquentis
942 1081 985 1114 ab
1002 1092 1058 1113 ore

153 1126 293 1169 Eripuit
309 1131 416 1170 pater,
435 1138 475 1159 ac
492 1127 708 1170 stupefactus
724 1127 867 1159 numine
885 1127 1018 1169 pressit.

153 1171 334 1213 Continuo,
354 1171 372 1187 “
383 1170 484 1204 Salve
501 1171 583 1204 fatis
600 1171 687 1203 mihi
704 1171 821 1204 debita
838 1171 963 1212 Tellus,
1209 1171 1268 1200 120

152 1215 322 1258 Vosque‚’'
340 1216 400 1257 ait,
419 1216 438 1232 “
452 1227 471 1248 o
487 1216 549 1248 fidi
566 1216 675 1258 Trojae
694 1216 823 1249 salvete
842 1216 997 1249 Penates.

153 1260 222 1293 Hic
240 1261 370 1304 domus,
388 1261 461 1294 haec
477 1262 591 1305 patria
608 1265 668 1295 est.
710 1261 852 1294 Genitor
867 1261 955 1293 mihi
971 1260 1067 1303 talia,
1083 1270 1232 1303 namque

152 1306 186 1339 N
187 1317 255 1339 unc
271 1310 399 1350 repeto,
416 1307 582 1340 Anchises
599 1308 751 1340 fatorum
767 1318 893 1339 arcana
909 1305 1067 1348 reliquit:

155 1351 271 1392 Quum
287 1355 333 1394 te,
349 1356 441 1394 nate,
457 1352 566 1385 fames
583 1353 703 1395 ignota
720 1352 763 1385 ad
780 1352 883 1385 litora
899 1355 1039 1385 vectum

153 1396 283 1430 Accisis
301 1401 400 1440 coget
417 1397 562 1441 dapibus
579 1409 779 1430 consumere
794 1408 930 1430 mensas
944 1408 951 1430 ε

153 1441 242 1475 Tum
260 1454 394 1486 sperare
412 1443 528 1476 domos
545 1443 707 1488 defessus,
724 1443 841 1486 ibique
857 1444 1031 1475 memento

153 1487 270 1520 Prima
287 1487 399 1521 locare
414 1499 522 1521 manu
538 1489 720 1532 molirique
737 1499 862 1531 aggere
878 1491 981 1521 tecta.

153 1532 238 1566 Haec
255 1537 328 1566 erat
345 1533 406 1566 illa
422 1534 531 1567 fames
546 1547 553 1574 ;
579 1534 653 1567 haec
670 1545 731 1567 nos
749 1545 909 1578 suprema
925 1531 1098 1575 manebat,

152 1578 281 1611 Exitiis
297 1579 453 1622 positura
469 1579 619 1613 modum.

155 1623 268 1664 Quare
285 1624 388 1667 agite,
406 1628 441 1658 et
457 1625 568 1668 primo
584 1625 658 1658 laeti
675 1636 754 1658 cum
769 1624 902 1657 lumine
919 1623 1008 1666 solis,
1202 1624 1268 1656 130

155 1669 240 1709 Quae
256 1669 341 1712 loca,
359 1670 463 1713 quive
480 1670 631 1704 habeant
647 1671 813 1713 homines,
830 1669 891 1702 ubi
907 1669 1035 1702 moenia
1052 1667 1176 1712 gentis,

155 1714 386 1758 Vestigemus‚
403 1719 438 1748 et
455 1727 476 1748 a
491 1720 595 1759 portu
612 1716 746 1749 diversa
762 1719 931 1759 petamus.

154 1759 258 1793 Nune
272 1763 410 1804 pateras
426 1760 533 1795 libate
550 1761 576 1795 J
577 1762 643 1805 ovi,
660 1761 886 1806 precibusque
903 1762 1023 1794 vocate
