1345 1927
134 64 202 96 :312
446 61 483 95 P.
510 61 712 95 VIRGILII
738 61 953 95 MARONIS

132 127 280 171 Quosne,
297 128 412 162 nefas!
439 140 556 162 omnes
573 129 717 162 infanda
734 129 770 162 in
787 132 897 162 morte
913 128 1039 172 reliqui
1053 128 1066 162 2

135 174 181 207 Et
198 185 292 207 nunc
310 174 467 217 palantes
484 174 592 216 video,
611 175 849 218 gemitumque
867 174 1053 207 cadentum

132 219 282 263 Accipio.
326 219 417 260 Quid
434 231 498 264 ago
513 219 525 253 ’ἒ
551 224 613 253 aut
631 232 708 264 quae
721 221 795 264 jam
813 220 896 253 satis
915 220 984 253 ima
1001 220 1157 253 dehiscat

133 264 237 298 Terra
253 264 366 298 mihi?
391 276 450 298 vos
468 277 486 299 ο
504 266 619 310 potius
636 266 853 307 miserescite,
872 266 978 308 venti,

132 309 174 343 In
191 321 304 354 rupes,
322 310 358 343 in
377 311 624 344 saxa—volens
642 323 700 345 vos
718 311 854 344 Turnus
871 311 1022 344 adoro—

131 354 234 389 Ferte
250 359 371 399 ratem,
389 357 557 399 saevisque
574 357 672 390 vadis
689 357 871 390 immittite
888 356 1009 400 Syrtis,

131 400 206 442 Quo
223 412 335 445 neque
352 413 406 435 me
425 402 558 443 Rutuli,
577 413 640 435 nec
657 403 792 436 conscia
808 403 902 435 fama
920 395 1118 445 sequatur.’'

130 446 218 480 Haec
231 458 433 489 memorans,
447 448 562 481 animo
579 459 673 481 nunc
690 448 768 490 huc,
782 459 876 482 nunc
892 448 1042 482 fluctuat
1059 447 1162 489 illuc;
1181 449 1248 481 680

128 491 185 525 An
203 503 273 526 sese
290 504 453 526 mucrone
471 493 513 526 ob
532 497 671 526 tantum
689 493 837 527 dedecus
854 504 972 527 amens

128 536 269 579 Induat,
287 542 322 572 et
340 538 485 571 crudum
504 550 564 582 per
581 542 692 572 costas
709 539 829 581 exigat
846 550 981 580 ensem;

127 581 310 616 Fluctibus
327 595 372 616 an
385 584 495 627 jaciat
512 584 643 626 mediis,
663 588 697 617 et
715 584 816 617 litora
832 584 947 617 nando

131 628 244 662 Curva
261 633 367 673 petat,
387 629 626 673 Teucrumque
644 630 771 663 iterum
789 641 823 663 se
840 629 963 663 reddat
979 629 1016 663 in
1034 640 1138 664 arma.

126 673 191 707 Ter
209 679 352 708 conatus
370 679 554 718 utramque
571 675 663 708 viam
678 687 684 708 ;
711 680 763 708 ter
779 676 933 709 maxima
950 675 1046 709 Juno

128 719 310 754 Continuit
325 733 332 760 ;
352 722 588 764 juvenemque
606 721 713 754 animi
730 721 893 754 miserata
909 721 1079 765 repressit.

125 764 270 799 Labitur
287 766 359 799 alta
376 778 494 799 secans
510 766 691 810 fluctuque
708 771 863 811 aestuque
881 767 1028 800 seeundo
1043 780 1052 808 ς

126 810 174 844 Et
191 812 300 855 patris
317 813 499 855 antiquam
518 812 633 845 Dauni
652 812 806 845 defertur
823 812 867 846 ad
884 812 1013 846 urbem.

174 857 222 890 At
239 857 264 890 J
266 858 338 890 ovis
356 858 488 890 interea
504 858 646 890 monitis
664 858 858 890 Mezentius
875 858 998 891 ardens

125 901 289 936 Succedit
306 914 441 947 pugnae,
460 903 675 947 Teucrosque
692 903 828 936 invadit
846 908 997 937 ovantes.
1178 905 1244 937 690

126 947 345 981 Concurrunt
363 949 549 992 Tyrrhenae
568 949 666 989 acies,
687 953 792 992 atque
811 949 970 982 omnibus
986 949 1058 992 uni,

124 992 194 1026 Uni
212 994 366 1038 odiisque
384 995 456 1027 viro
474 994 620 1038 telisque
638 994 877 1038 frequentibus
895 995 1037 1028 instant.

123 1038 197 1081 Ille,
215 1039 312 1073 velut
329 1051 431 1084 rupes
450 1044 588 1073 vastum
606 1051 683 1084 quae
701 1040 816 1084 prodit
834 1040 870 1072 in
888 1051 1013 1084 aequor,

123 1084 234 1118 Obvia
250 1089 432 1118 ventorum
450 1085 559 1127 furiis,
575 1089 786 1129 expostaque
803 1090 919 1129 ponto,

122 1129 203 1163 Vim
220 1135 383 1164 cunctam
401 1134 507 1174 atque
523 1131 636 1164 minas
654 1131 783 1174 perfert
803 1131 948 1173 coelique
965 1131 1149 1176 marisque,

121 1174 203 1219 Ipsa
219 1176 363 1210 immota
380 1188 524 1210 manens
538 1189 544 1209 :
571 1177 702 1220 prolem
719 1177 942 1210 Dolichaonis
960 1177 1118 1210 Hebrum

120 1220 252 1255 Sternit
270 1221 377 1265 humi,
397 1233 476 1255 eum
493 1233 560 1266 quo
579 1223 760 1265 Latagum,
780 1222 1009 1266 Palmumque
1025 1223 1205 1267 fugacem:

119 1266 186 1300 Sed
205 1267 378 1311 Latagum
396 1279 478 1301 saxo
495 1272 600 1311 atque
618 1268 753 1311 ingenti
770 1268 942 1311 fragmine
958 1269 1086 1302 montis

119 1312 276 1356 Occupat
293 1324 328 1346 os
345 1313 537 1357 faciemque
555 1313 735 1347 adversam
750 1326 757 1353 ;
782 1313 913 1358 poplite
931 1313 1092 1348 Palmum

117 1357 257 1391 Succiso
275 1358 366 1391 volvi
384 1370 523 1402 segnem
541 1359 643 1399 sinit;
669 1370 833 1403 armaque
850 1359 962 1392 Lauso
1172 1360 1239 1394 700

118 1402 236 1437 Donat
253 1404 379 1437 habere
397 1404 559 1447 humeris,
578 1408 612 1438 et
630 1405 758 1438 vertice
776 1405 880 1447 figere
897 1405 1026 1439 cristas.

116 1448 150 1481 N
153 1460 191 1482 ec
208 1460 277 1482 non
294 1449 479 1483 Evanthen
497 1450 700 1494 Phrygium,
718 1450 921 1494 Paridisque
938 1450 1112 1485 Mimanta.

117 1493 303 1538 AEqualem
321 1496 550 1539 comitemque
565 1507 571 1529 :
597 1507 668 1529 una
685 1507 788 1539 quem
804 1500 905 1530 nocte
922 1496 1062 1530 Theano

118 1539 160 1572 In
179 1540 293 1574 lucem
309 1541 458 1584 genitori
478 1542 607 1585 Amyco
625 1541 733 1585 dedit,
751 1546 786 1575 et
801 1542 878 1575 face
895 1553 1078 1586 praegnans

116 1584 242 1619 Cisseis
258 1586 379 1629 regina
398 1586 503 1620 Parin
520 1599 526 1620 :
554 1586 650 1620 Paris
666 1587 751 1620 urbe
769 1591 916 1632 paterna

117 1629 273 1665 Occubat
287 1644 295 1672 ;
313 1632 475 1674 ignarum
493 1632 646 1666 Laurens
663 1632 770 1666 habet
786 1644 846 1666 ora
862 1632 1046 1667 Mimanta.

114 1675 167 1709 Ac
184 1676 282 1710 velut
299 1677 357 1711 ille
375 1689 501 1711 canum
518 1689 634 1711 morsu
651 1678 694 1712 de
710 1677 886 1711 montibus
903 1677 983 1712 altis

115 1721 226 1756 Actus
243 1732 334 1766 aper,
351 1723 480 1757 multos
499 1723 646 1758 Vesulus
664 1735 766 1768 quem
783 1723 912 1768 pinifer
927 1734 1035 1758 annos
