<?xml version="1.0" encoding="UTF-8"?>
<!DOCTYPE html PUBLIC "-//W3C//DTD XHTML 1.0 Transitional//EN"
    "http://www.w3.org/TR/xhtml1/DTD/xhtml1-transitional.dtd">
<html xmlns="http://www.w3.org/1999/xhtml" xml:lang="en" lang="en">
 <head>
  <title>
</title>
<meta http-equiv="Content-Type" content="text/html;charset=utf-8" />
  <meta name='ocr-system' content='tesseract 3.04.00' />
  <meta name='ocr-capabilities' content='ocr_page ocr_carea ocr_par ocr_line ocrx_word'/>
</head>
<body>
  <div class='ocr_page' id='page_1' title='image "./operaomnia00virguoft/operaomnia00virguoft_0088.png"; bbox 0 0 1345 1927; ppageno 0'>
   <div class='ocr_carea' id='block_1_1' title="bbox 147 71 962 107">
    <p class='ocr_par' dir='ltr' id='par_1_1' title="bbox 147 71 962 107">
     <span class='ocr_line' id='line_1_1' title="bbox 147 71 962 107; baseline 0.002 -2"><span class='ocrx_word' id='word_1_1' title='bbox 147 73 192 105; x_wconf 89' lang='grc'>80</span> <span class='ocrx_word' id='word_1_2' title='bbox 460 71 498 106; x_wconf 90' lang='grc' dir='ltr'>Ρ.</span> <span class='ocrx_word' id='word_1_3' title='bbox 519 72 723 106; x_wconf 85' lang='lat' dir='ltr'>VIRGILII</span> <span class='ocrx_word' id='word_1_4' title='bbox 748 72 962 107; x_wconf 65' lang='lat' dir='ltr'>MARONI&amp;</span> 
     </span>
    </p>
   </div>
   <div class='ocr_carea' id='block_1_2' title="bbox 138 137 1113 1421">
    <p class='ocr_par' dir='ltr' id='par_1_2' title="bbox 138 137 1103 1421">
     <span class='ocr_line' id='line_1_2' title="bbox 147 137 1037 183; baseline 0.003 -12"><span class='ocrx_word' id='word_1_5' title='bbox 147 138 231 179; x_wconf 84' lang='lat' dir='ltr'>Quis</span> <span class='ocrx_word' id='word_1_6' title='bbox 249 137 414 178; x_wconf 69' lang='lat' dir='ltr'>dubitet?</span> <span class='ocrx_word' id='word_1_7' title='bbox 439 150 522 172; x_wconf 87' lang='lat' dir='ltr'>nam</span> <span class='ocrx_word' id='word_1_8' title='bbox 540 149 628 183; x_wconf 82' lang='lat' dir='ltr'>saepe</span> <span class='ocrx_word' id='word_1_9' title='bbox 645 139 742 172; x_wconf 86' lang='lat' dir='ltr'>favos</span> <span class='ocrx_word' id='word_1_10' title='bbox 760 140 900 183; x_wconf 88' lang='lat' dir='ltr'>ignotus</span> <span class='ocrx_word' id='word_1_11' title='bbox 918 140 1037 174; x_wconf 73' lang='lat' dir='ltr'>adedit</span> 
     </span>
     <span class='ocr_line' id='line_1_3' title="bbox 145 184 990 229; baseline 0.002 -12"><span class='ocrx_word' id='word_1_12' title='bbox 145 184 277 227; x_wconf 83' lang='lat' dir='ltr'>Stellio,</span> <span class='ocrx_word' id='word_1_13' title='bbox 295 188 330 217; x_wconf 90' lang='lat' dir='ltr'>et</span> <span class='ocrx_word' id='word_1_14' title='bbox 347 184 512 227; x_wconf 85' lang='lat' dir='ltr'>lucifugis</span> <span class='ocrx_word' id='word_1_15' title='bbox 530 189 694 228; x_wconf 88' lang='lat' dir='ltr'>congesta</span> <span class='ocrx_word' id='word_1_16' title='bbox 711 185 841 219; x_wconf 86' lang='lat' dir='ltr'>cubilia</span> <span class='ocrx_word' id='word_1_17' title='bbox 858 186 990 229; x_wconf 78' lang='lat' dir='ltr'>blattis,</span> 
     </span>
     <span class='ocr_line' id='line_1_4' title="bbox 146 230 1003 275; baseline 0.002 -12"><span class='ocrx_word' id='word_1_18' title='bbox 146 230 385 274; x_wconf 85' lang='lat' dir='ltr'>Immunisque</span> <span class='ocrx_word' id='word_1_19' title='bbox 403 230 524 263; x_wconf 86' lang='lat' dir='ltr'>sedens</span> <span class='ocrx_word' id='word_1_20' title='bbox 541 230 655 263; x_wconf 87' lang='lat' dir='ltr'>aliena</span> <span class='ocrx_word' id='word_1_21' title='bbox 671 231 716 263; x_wconf 92' lang='lat' dir='ltr'>ad</span> <span class='ocrx_word' id='word_1_22' title='bbox 733 231 861 275; x_wconf 89' lang='lat' dir='ltr'>pabula</span> <span class='ocrx_word' id='word_1_23' title='bbox 878 232 979 265; x_wconf 88' lang='lat' dir='ltr'>fucus</span> <span class='ocrx_word' id='word_1_24' title='bbox 995 245 1003 273; x_wconf 90' lang='lat'>;</span> 
     </span>
     <span class='ocr_line' id='line_1_5' title="bbox 146 275 1072 321; baseline 0.003 -13"><span class='ocrx_word' id='word_1_25' title='bbox 146 276 219 310; x_wconf 90' lang='lat' dir='ltr'>Aut</span> <span class='ocrx_word' id='word_1_26' title='bbox 236 287 335 320; x_wconf 82' lang='lat' dir='ltr'>asper</span> <span class='ocrx_word' id='word_1_27' title='bbox 353 275 472 309; x_wconf 82' lang='lat' dir='ltr'><strong>crabro</strong></span> <span class='ocrx_word' id='word_1_28' title='bbox 489 276 681 319; x_wconf 82' lang='lat' dir='ltr'>imparibus</span> <span class='ocrx_word' id='word_1_29' title='bbox 699 288 733 309; x_wconf 89' lang='lat' dir='ltr'>se</span> <span class='ocrx_word' id='word_1_30' title='bbox 750 277 941 310; x_wconf 83' lang='lat' dir='ltr'>immiscuit</span> <span class='ocrx_word' id='word_1_31' title='bbox 958 278 1072 321; x_wconf 85' lang='lat' dir='ltr'>armis,</span> 
     </span>
     <span class='ocr_line' id='line_1_6' title="bbox 144 321 1026 365; baseline 0.002 -11"><span class='ocrx_word' id='word_1_32' title='bbox 144 321 220 355; x_wconf 92' lang='lat' dir='ltr'>Aut</span> <span class='ocrx_word' id='word_1_33' title='bbox 237 322 352 355; x_wconf 87' lang='lat' dir='ltr'>dirum</span> <span class='ocrx_word' id='word_1_34' title='bbox 370 322 473 355; x_wconf 85' lang='lat' dir='ltr'>tineae</span> <span class='ocrx_word' id='word_1_35' title='bbox 489 333 600 365; x_wconf 88' lang='lat' dir='ltr'>genus</span> <span class='ocrx_word' id='word_1_36' title='bbox 615 334 623 362; x_wconf 93' lang='lat'>;</span> <span class='ocrx_word' id='word_1_37' title='bbox 648 326 711 355; x_wconf 85' lang='lat' dir='ltr'>aut</span> <span class='ocrx_word' id='word_1_38' title='bbox 728 322 840 356; x_wconf 87' lang='lat' dir='ltr'>invisa</span> <span class='ocrx_word' id='word_1_39' title='bbox 857 322 1026 356; x_wconf 85' lang='lat' dir='ltr'>Minervae</span> 
     </span>
     <span class='ocr_line' id='line_1_7' title="bbox 144 367 944 411; baseline 0.001 -11"><span class='ocrx_word' id='word_1_40' title='bbox 144 367 258 401; x_wconf 81' lang='lat' dir='ltr'><strong>Laxos</strong></span> <span class='ocrx_word' id='word_1_41' title='bbox 274 368 312 400; x_wconf 90' lang='lat' dir='ltr'>in</span> <span class='ocrx_word' id='word_1_42' title='bbox 328 367 462 400; x_wconf 87' lang='lat' dir='ltr'>foribus</span> <span class='ocrx_word' id='word_1_43' title='bbox 480 367 661 411; x_wconf 76' lang='lat' dir='ltr'>suspendit</span> <span class='ocrx_word' id='word_1_44' title='bbox 679 379 807 401; x_wconf 87' lang='lat' dir='ltr'>aranea</span> <span class='ocrx_word' id='word_1_45' title='bbox 824 379 944 402; x_wconf 85' lang='lat' dir='ltr'>casses.</span> 
     </span>
     <span class='ocr_line' id='line_1_8' title="bbox 144 413 1055 457; baseline 0.002 -11"><span class='ocrx_word' id='word_1_46' title='bbox 144 413 220 454; x_wconf 86' lang='lat' dir='ltr'>Quo</span> <span class='ocrx_word' id='word_1_47' title='bbox 237 413 348 457; x_wconf 88' lang='lat' dir='ltr'>magis</span> <span class='ocrx_word' id='word_1_48' title='bbox 365 413 545 446; x_wconf 83' lang='lat' dir='ltr'>exhaustae</span> <span class='ocrx_word' id='word_1_49' title='bbox 562 414 704 456; x_wconf 88' lang='lat' dir='ltr'>fuerint,</span> <span class='ocrx_word' id='word_1_50' title='bbox 723 413 788 447; x_wconf 91' lang='lat' dir='ltr'>hoc</span> <span class='ocrx_word' id='word_1_51' title='bbox 805 414 919 447; x_wconf 83' lang='lat' dir='ltr'>aerius</span> <span class='ocrx_word' id='word_1_52' title='bbox 937 425 1055 448; x_wconf 84' lang='lat' dir='ltr'>omnes</span> 
     </span>
     <span class='ocr_line' id='line_1_9' title="bbox 146 459 906 503; baseline 0 -11"><span class='ocrx_word' id='word_1_53' title='bbox 146 459 357 492; x_wconf 88' lang='lat' dir='ltr'>Incumbent</span> <span class='ocrx_word' id='word_1_54' title='bbox 373 459 508 503; x_wconf 89' lang='lat' dir='ltr'>generis</span> <span class='ocrx_word' id='word_1_55' title='bbox 525 459 616 503; x_wconf 82' lang='lat' dir='ltr'>lapsi</span> <span class='ocrx_word' id='word_1_56' title='bbox 634 459 759 492; x_wconf 81' lang='lat' dir='ltr'>sarcire</span> <span class='ocrx_word' id='word_1_57' title='bbox 776 460 906 502; x_wconf 87' lang='lat' dir='ltr'>ruinas,</span> 
     </span>
     <span class='ocr_line' id='line_1_10' title="bbox 144 504 1061 549; baseline 0.001 -11"><span class='ocrx_word' id='word_1_58' title='bbox 144 504 444 549; x_wconf 86' lang='lat' dir='ltr'>Complebuntque</span> <span class='ocrx_word' id='word_1_59' title='bbox 460 505 560 547; x_wconf 88' lang='lat' dir='ltr'>foros,</span> <span class='ocrx_word' id='word_1_60' title='bbox 579 509 614 538; x_wconf 87' lang='lat' dir='ltr'>et</span> <span class='ocrx_word' id='word_1_61' title='bbox 630 504 772 538; x_wconf 87' lang='lat' dir='ltr'>floribus</span> <span class='ocrx_word' id='word_1_62' title='bbox 790 505 912 538; x_wconf 84' lang='lat' dir='ltr'>horrea</span> <span class='ocrx_word' id='word_1_63' title='bbox 929 509 1061 540; x_wconf 83' lang='lat' dir='ltr'>texent.</span> 
     </span>
     <span class='ocr_line' id='line_1_11' title="bbox 189 550 1076 594; baseline 0.001 -10"><span class='ocrx_word' id='word_1_64' title='bbox 189 550 226 584; x_wconf 81' lang='lat' dir='ltr'>Si</span> <span class='ocrx_word' id='word_1_65' title='bbox 243 561 332 594; x_wconf 87' lang='lat' dir='ltr'>vero,</span> <span class='ocrx_word' id='word_1_66' title='bbox 351 550 515 594; x_wconf 88' lang='lat' dir='ltr'>quoniam</span> <span class='ocrx_word' id='word_1_67' title='bbox 533 561 632 583; x_wconf 87' lang='lat' dir='ltr'>casus</span> <span class='ocrx_word' id='word_1_68' title='bbox 649 550 772 594; x_wconf 86' lang='lat' dir='ltr'>apibus</span> <span class='ocrx_word' id='word_1_69' title='bbox 789 562 925 594; x_wconf 88' lang='lat' dir='ltr'>quoque</span> <span class='ocrx_word' id='word_1_70' title='bbox 942 557 1076 586; x_wconf 86' lang='lat' dir='ltr'>nostros</span> 
     </span>
     <span class='ocr_line' id='line_1_12' title="bbox 144 595 989 640; baseline 0.002 -12"><span class='ocrx_word' id='word_1_71' title='bbox 144 596 228 630; x_wconf 83' lang='lat' dir='ltr'>Vita.</span> <span class='ocrx_word' id='word_1_72' title='bbox 244 596 339 639; x_wconf 88' lang='lat' dir='ltr'>tulit,</span> <span class='ocrx_word' id='word_1_73' title='bbox 357 596 450 629; x_wconf 89' lang='lat' dir='ltr'>tristi</span> <span class='ocrx_word' id='word_1_74' title='bbox 467 595 686 639; x_wconf 82' lang='lat' dir='ltr'>languebunt</span> <span class='ocrx_word' id='word_1_75' title='bbox 704 607 845 640; x_wconf 89' lang='lat' dir='ltr'>corpora</span> <span class='ocrx_word' id='word_1_76' title='bbox 861 597 989 640; x_wconf 88' lang='lat' dir='ltr'>morbo,</span> 
     </span>
     <span class='ocr_line' id='line_1_13' title="bbox 143 641 1064 686; baseline 0.002 -11"><span class='ocrx_word' id='word_1_77' title='bbox 143 642 242 683; x_wconf 84' lang='lat' dir='ltr'>Quod</span> <span class='ocrx_word' id='word_1_78' title='bbox 255 644 331 686; x_wconf 87' lang='lat' dir='ltr'>jam</span> <span class='ocrx_word' id='word_1_79' title='bbox 347 653 417 675; x_wconf 88' lang='lat' dir='ltr'>non</span> <span class='ocrx_word' id='word_1_80' title='bbox 435 641 549 675; x_wconf 88' lang='lat' dir='ltr'>dubiis</span> <span class='ocrx_word' id='word_1_81' title='bbox 567 641 696 685; x_wconf 85' lang='lat' dir='ltr'>poteris</span> <span class='ocrx_word' id='word_1_82' title='bbox 713 653 917 685; x_wconf 82' lang='lat' dir='ltr'>cognoscere</span> <span class='ocrx_word' id='word_1_83' title='bbox 935 643 1042 686; x_wconf 84' lang='lat' dir='ltr'>signis</span> <span class='ocrx_word' id='word_1_84' title='bbox 1057 655 1064 678; x_wconf 74' lang='grc' dir='ltr'>ε</span> 
     </span>
     <span class='ocr_line' id='line_1_14' title="bbox 142 687 1063 731; baseline 0.001 -10"><span class='ocrx_word' id='word_1_85' title='bbox 142 688 314 721; x_wconf 75' lang='lat' dir='ltr'>Continuo</span> <span class='ocrx_word' id='word_1_86' title='bbox 332 691 384 721; x_wconf 89' lang='lat' dir='ltr'>est</span> <span class='ocrx_word' id='word_1_87' title='bbox 401 688 502 731; x_wconf 88' lang='lat' dir='ltr'>aegris</span> <span class='ocrx_word' id='word_1_88' title='bbox 519 687 718 722; x_wconf 18' lang='lat' dir='ltr'>aliussscolor</span> <span class='ocrx_word' id='word_1_89' title='bbox 732 700 740 728; x_wconf 79' lang='lat'>3</span> <span class='ocrx_word' id='word_1_90' title='bbox 765 687 905 721; x_wconf 88' lang='lat' dir='ltr'>horrida</span> <span class='ocrx_word' id='word_1_91' title='bbox 922 689 1063 722; x_wconf 87' lang='lat' dir='ltr'>vultum</span> 
     </span>
     <span class='ocr_line' id='line_1_15' title="bbox 142 733 1046 777; baseline 0.001 -10"><span class='ocrx_word' id='word_1_92' title='bbox 142 733 323 767; x_wconf 88' lang='lat' dir='ltr'>Deformat</span> <span class='ocrx_word' id='word_1_93' title='bbox 339 734 466 767; x_wconf 85' lang='lat' dir='ltr'>macies</span> <span class='ocrx_word' id='word_1_94' title='bbox 482 746 490 774; x_wconf 83' lang='lat'><em>3</em></span> <span class='ocrx_word' id='word_1_95' title='bbox 515 738 593 767; x_wconf 89' lang='lat' dir='ltr'>tum</span> <span class='ocrx_word' id='word_1_96' title='bbox 611 745 752 777; x_wconf 89' lang='lat' dir='ltr'>corpora</span> <span class='ocrx_word' id='word_1_97' title='bbox 769 733 847 767; x_wconf 92' lang='lat' dir='ltr'>luce</span> <span class='ocrx_word' id='word_1_98' title='bbox 864 738 1046 768; x_wconf 80' lang='lat' dir='ltr'>carentum</span> 
     </span>
     <span class='ocr_line' id='line_1_16' title="bbox 141 779 972 824; baseline 0 -11"><span class='ocrx_word' id='word_1_99' title='bbox 141 779 340 824; x_wconf 79' lang='lat' dir='ltr'>Expertant</span> <span class='ocrx_word' id='word_1_100' title='bbox 357 780 470 823; x_wconf 76' lang='lat' dir='ltr'>tectis,</span> <span class='ocrx_word' id='word_1_101' title='bbox 488 783 523 813; x_wconf 89' lang='lat' dir='ltr'>et</span> <span class='ocrx_word' id='word_1_102' title='bbox 541 779 656 812; x_wconf 87' lang='lat' dir='ltr'>tristia</span> <span class='ocrx_word' id='word_1_103' title='bbox 672 779 797 812; x_wconf 84' lang='lat' dir='ltr'>funera</span> <span class='ocrx_word' id='word_1_104' title='bbox 813 779 950 813; x_wconf 87' lang='lat' dir='ltr'>ducunt</span> <span class='ocrx_word' id='word_1_105' title='bbox 964 792 972 821; x_wconf 91' lang='grc'><strong>;</strong></span> 
     </span>
     <span class='ocr_line' id='line_1_17' title="bbox 141 825 1027 870; baseline 0.001 -12"><span class='ocrx_word' id='word_1_106' title='bbox 141 826 215 859; x_wconf 92' lang='lat' dir='ltr'>Aut</span> <span class='ocrx_word' id='word_1_107' title='bbox 231 826 300 859; x_wconf 85' lang='lat' dir='ltr'>illae</span> <span class='ocrx_word' id='word_1_108' title='bbox 318 825 463 870; x_wconf 88' lang='lat' dir='ltr'>pedibus</span> <span class='ocrx_word' id='word_1_109' title='bbox 481 836 644 858; x_wconf 77' lang='lat' dir='ltr'>connexae</span> <span class='ocrx_word' id='word_1_110' title='bbox 661 825 706 858; x_wconf 91' lang='lat' dir='ltr'>ad</span> <span class='ocrx_word' id='word_1_111' title='bbox 723 825 846 858; x_wconf 88' lang='lat' dir='ltr'>limina</span> <span class='ocrx_word' id='word_1_112' title='bbox 862 826 1027 870; x_wconf 86' lang='lat' dir='ltr'>pendent,</span> 
     </span>
     <span class='ocr_line' id='line_1_18' title="bbox 142 871 1052 913; baseline 0.002 -9"><span class='ocrx_word' id='word_1_113' title='bbox 142 871 214 905; x_wconf 88' lang='lat' dir='ltr'>Aut</span> <span class='ocrx_word' id='word_1_114' title='bbox 231 872 328 904; x_wconf 86' lang='lat' dir='ltr'>intus</span> <span class='ocrx_word' id='word_1_115' title='bbox 345 871 471 905; x_wconf 89' lang='lat' dir='ltr'>clausis</span> <span class='ocrx_word' id='word_1_116' title='bbox 489 874 701 904; x_wconf 78' lang='lat' dir='ltr'>cunctantur</span> <span class='ocrx_word' id='word_1_117' title='bbox 718 871 755 903; x_wconf 90' lang='lat' dir='ltr'>in</span> <span class='ocrx_word' id='word_1_118' title='bbox 773 871 915 913; x_wconf 88' lang='lat' dir='ltr'>aedibus,</span> <span class='ocrx_word' id='word_1_119' title='bbox 933 883 1052 906; x_wconf 87' lang='lat' dir='ltr'>omnes</span> 
     </span>
     <span class='ocr_line' id='line_1_19' title="bbox 140 917 988 961; baseline -0.001 -11"><span class='ocrx_word' id='word_1_120' title='bbox 140 917 351 961; x_wconf 85' lang='lat' dir='ltr'>Ignavaeque</span> <span class='ocrx_word' id='word_1_121' title='bbox 368 917 460 950; x_wconf 90' lang='lat' dir='ltr'>fame</span> <span class='ocrx_word' id='word_1_122' title='bbox 478 920 513 950; x_wconf 90' lang='lat' dir='ltr'>et</span> <span class='ocrx_word' id='word_1_123' title='bbox 530 921 707 950; x_wconf 78' lang='lat' dir='ltr'>contracto</span> <span class='ocrx_word' id='word_1_124' title='bbox 724 917 853 960; x_wconf 86' lang='lat' dir='ltr'>frigore</span> <span class='ocrx_word' id='word_1_125' title='bbox 869 917 988 961; x_wconf 85' lang='lat' dir='ltr'>pigrae</span> 
     </span>
     <span class='ocr_line' id='line_1_20' title="bbox 141 963 1113 1008; baseline 0.001 -12"><span class='ocrx_word' id='word_1_126' title='bbox 141 963 230 996; x_wconf 85' lang='lat' dir='ltr'>Tum</span> <span class='ocrx_word' id='word_1_127' title='bbox 248 975 351 997; x_wconf 88' lang='lat' dir='ltr'>sonus</span> <span class='ocrx_word' id='word_1_128' title='bbox 368 963 513 996; x_wconf 85' lang='lat' dir='ltr'>auditur</span> <span class='ocrx_word' id='word_1_129' title='bbox 529 963 675 1006; x_wconf 84' lang='lat' dir='ltr'>gravior,</span> <span class='ocrx_word' id='word_1_130' title='bbox 693 963 904 1007; x_wconf 82' lang='lat' dir='ltr'>tractimque</span> <span class='ocrx_word' id='word_1_131' title='bbox 921 967 1113 1008; x_wconf 79' lang='lat' dir='ltr'>susurrant,</span> 
     </span>
     <span class='ocr_line' id='line_1_21' title="bbox 141 1008 1092 1053; baseline 0.001 -11"><span class='ocrx_word' id='word_1_132' title='bbox 141 1009 305 1053; x_wconf 85' lang='lat' dir='ltr'>Frigidus</span> <span class='ocrx_word' id='word_1_133' title='bbox 322 1012 363 1042; x_wconf 89' lang='lat' dir='ltr'>ut</span> <span class='ocrx_word' id='word_1_134' title='bbox 381 1009 555 1052; x_wconf 86' lang='lat' dir='ltr'>quondam</span> <span class='ocrx_word' id='word_1_135' title='bbox 573 1008 668 1041; x_wconf 83' lang='lat' dir='ltr'>silvis</span> <span class='ocrx_word' id='word_1_136' title='bbox 686 1008 933 1042; x_wconf 83' lang='lat' dir='ltr'>immurmurat</span> <span class='ocrx_word' id='word_1_137' title='bbox 950 1013 1092 1051; x_wconf 82' lang='lat' dir='ltr'>auster3</span> 
     </span>
     <span class='ocr_line' id='line_1_22' title="bbox 142 1054 1036 1098; baseline 0.001 -10"><span class='ocrx_word' id='word_1_138' title='bbox 142 1055 192 1088; x_wconf 92' lang='lat' dir='ltr'>Ut</span> <span class='ocrx_word' id='word_1_139' title='bbox 209 1067 303 1088; x_wconf 84' lang='lat' dir='ltr'>mare</span> <span class='ocrx_word' id='word_1_140' title='bbox 321 1055 510 1088; x_wconf 89' lang='lat' dir='ltr'>sollicitum</span> <span class='ocrx_word' id='word_1_141' title='bbox 527 1054 644 1088; x_wconf 87' lang='lat' dir='ltr'>stridit</span> <span class='ocrx_word' id='word_1_142' title='bbox 661 1054 889 1088; x_wconf 87' lang='lat' dir='ltr'>refluentibus</span> <span class='ocrx_word' id='word_1_143' title='bbox 906 1055 1036 1089; x_wconf 88' lang='lat' dir='ltr'>undis·</span> <span class='ocrx_word' id='word_1_144' title='bbox 1026 1081 1036 1098; x_wconf 91' lang='lat'>,</span> 
     </span>
     <span class='ocr_line' id='line_1_23' title="bbox 140 1100 979 1144; baseline 0.001 -10"><span class='ocrx_word' id='word_1_145' title='bbox 140 1101 284 1134; x_wconf 83' lang='lat' dir='ltr'>AEstuat</span> <span class='ocrx_word' id='word_1_146' title='bbox 300 1105 342 1134; x_wconf 87' lang='lat' dir='ltr'>ut</span> <span class='ocrx_word' id='word_1_147' title='bbox 359 1101 485 1134; x_wconf 84' lang='lat' dir='ltr'>claus1s</span> <span class='ocrx_word' id='word_1_148' title='bbox 501 1100 645 1144; x_wconf 85' lang='lat' dir='ltr'>rapidus</span> <span class='ocrx_word' id='word_1_149' title='bbox 662 1100 888 1134; x_wconf 89' lang='lat' dir='ltr'>fornacibus</span> <span class='ocrx_word' id='word_1_150' title='bbox 878 1101 979 1144; x_wconf 86' lang='lat' dir='ltr'>lgnis.</span> 
     </span>
     <span class='ocr_line' id='line_1_24' title="bbox 141 1146 1017 1191; baseline 0.001 -11"><span class='ocrx_word' id='word_1_151' title='bbox 141 1147 209 1180; x_wconf 90' lang='lat' dir='ltr'>Hic</span> <span class='ocrx_word' id='word_1_152' title='bbox 221 1148 297 1190; x_wconf 87' lang='lat' dir='ltr'>jam</span> <span class='ocrx_word' id='word_1_153' title='bbox 314 1146 500 1191; x_wconf 84' lang='lat' dir='ltr'>galbaneos</span> <span class='ocrx_word' id='word_1_154' title='bbox 518 1146 669 1179; x_wconf 88' lang='lat' dir='ltr'>suadebo</span> <span class='ocrx_word' id='word_1_155' title='bbox 686 1146 870 1180; x_wconf 86' lang='lat' dir='ltr'>incendere</span> <span class='ocrx_word' id='word_1_156' title='bbox 887 1147 1017 1191; x_wconf 88' lang='lat' dir='ltr'>odores,</span> 
     </span>
     <span class='ocr_line' id='line_1_25' title="bbox 139 1192 1002 1237; baseline 0.001 -11"><span class='ocrx_word' id='word_1_157' title='bbox 139 1193 318 1237; x_wconf 87' lang='lat' dir='ltr'>Mellaque</span> <span class='ocrx_word' id='word_1_158' title='bbox 335 1192 537 1226; x_wconf 88' lang='lat' dir='ltr'>arundineis</span> <span class='ocrx_word' id='word_1_159' title='bbox 554 1192 682 1225; x_wconf 87' lang='lat' dir='ltr'>inferre</span> <span class='ocrx_word' id='word_1_160' title='bbox 700 1192 890 1236; x_wconf 87' lang='lat' dir='ltr'>canalibus,</span> <span class='ocrx_word' id='word_1_161' title='bbox 908 1193 1002 1227; x_wconf 88' lang='lat' dir='ltr'>ultro</span> 
     </span>
     <span class='ocr_line' id='line_1_26' title="bbox 140 1237 1043 1282; baseline 0.001 -10"><span class='ocrx_word' id='word_1_162' title='bbox 140 1239 350 1272; x_wconf 84' lang='lat' dir='ltr'>Hortantem</span> <span class='ocrx_word' id='word_1_163' title='bbox 367 1241 402 1272; x_wconf 87' lang='lat' dir='ltr'>et</span> <span class='ocrx_word' id='word_1_164' title='bbox 419 1239 525 1272; x_wconf 87' lang='lat' dir='ltr'>fessas</span> <span class='ocrx_word' id='word_1_165' title='bbox 542 1237 586 1271; x_wconf 88' lang='lat' dir='ltr'>ad</span> <span class='ocrx_word' id='word_1_166' title='bbox 604 1238 734 1282; x_wconf 87' lang='lat' dir='ltr'>pabula</span> <span class='ocrx_word' id='word_1_167' title='bbox 750 1242 834 1272; x_wconf 86' lang='lat' dir='ltr'>nota</span> <span class='ocrx_word' id='word_1_168' title='bbox 851 1242 1043 1273; x_wconf 85' lang='lat' dir='ltr'>vocantem.</span> 
     </span>
     <span class='ocr_line' id='line_1_27' title="bbox 140 1284 1021 1329; baseline 0 -11"><span class='ocrx_word' id='word_1_169' title='bbox 140 1284 300 1319; x_wconf 89' lang='lat' dir='ltr'>Proderit</span> <span class='ocrx_word' id='word_1_170' title='bbox 316 1289 351 1318; x_wconf 91' lang='lat' dir='ltr'>et</span> <span class='ocrx_word' id='word_1_171' title='bbox 368 1288 512 1318; x_wconf 87' lang='lat' dir='ltr'>tunsum</span> <span class='ocrx_word' id='word_1_172' title='bbox 529 1284 632 1328; x_wconf 86' lang='lat' dir='ltr'>gallae</span> <span class='ocrx_word' id='word_1_173' title='bbox 649 1284 838 1317; x_wconf 86' lang='lat' dir='ltr'>admiscere</span> <span class='ocrx_word' id='word_1_174' title='bbox 855 1296 1021 1329; x_wconf 85' lang='lat' dir='ltr'>saporem,</span> 
     </span>
     <span class='ocr_line' id='line_1_28' title="bbox 138 1330 942 1382; baseline 0 -18"><span class='ocrx_word' id='word_1_175' title='bbox 138 1331 356 1375; x_wconf 89' lang='lat' dir='ltr'>Arentesque</span> <span class='ocrx_word' id='word_1_176' title='bbox 372 1342 475 1373; x_wconf 86' lang='lat' dir='ltr'>rosas,</span> <span class='ocrx_word' id='word_1_177' title='bbox 493 1334 556 1364; x_wconf 91' lang='lat' dir='ltr'>aut</span> <span class='ocrx_word' id='word_1_178' title='bbox 573 1330 648 1374; x_wconf 87' lang='lat' dir='ltr'>igni</span> <span class='ocrx_word' id='word_1_179' title='bbox 665 1330 813 1382; x_wconf 84' lang='lat' dir='ltr'>pinguia</span> <span class='ocrx_word' id='word_1_180' title='bbox 828 1331 942 1364; x_wconf 88' lang='lat' dir='ltr'>multo</span> 
     </span>
     <span class='ocr_line' id='line_1_29' title="bbox 138 1357 988 1421; baseline 0.001 -12"><span class='ocrx_word' id='word_1_181' title='bbox 138 1376 297 1420; x_wconf 71' lang='lat' dir='ltr'>Definta,</span> <span class='ocrx_word' id='word_1_182' title='bbox 314 1376 371 1411; x_wconf 87' lang='lat' dir='ltr'>vel</span> <span class='ocrx_word' id='word_1_183' title='bbox 395 1357 528 1421; x_wconf 89' lang='lat' dir='ltr'>psithia</span> <span class='ocrx_word' id='word_1_184' title='bbox 541 1387 658 1420; x_wconf 87' lang='lat' dir='ltr'>passos</span> <span class='ocrx_word' id='word_1_185' title='bbox 676 1376 719 1409; x_wconf 89' lang='lat' dir='ltr'>de</span> <span class='ocrx_word' id='word_1_186' title='bbox 736 1376 809 1409; x_wconf 87' lang='lat' dir='ltr'>vite</span> <span class='ocrx_word' id='word_1_187' title='bbox 824 1387 988 1420; x_wconf 86' lang='lat' dir='ltr'>racemos,</span> 
     </span>
    </p>
   </div>
   <div class='ocr_carea' id='block_1_3' title="bbox 139 1422 1137 1475">
    <p class='ocr_par' dir='ltr' id='par_1_3' title="bbox 139 1422 1137 1475">
     <span class='ocr_line' id='line_1_30' title="bbox 139 1422 1137 1475; baseline 0.001 -19"><span class='ocrx_word' id='word_1_188' title='bbox 139 1423 410 1467; x_wconf 87' lang='lat' dir='ltr'>Cecropiumque</span> <span class='ocrx_word' id='word_1_189' title='bbox 423 1423 600 1475; x_wconf 79' lang='lat' dir='ltr'>thymum,</span> <span class='ocrx_word' id='word_1_190' title='bbox 617 1425 653 1455; x_wconf 89' lang='lat' dir='ltr'>et</span> <span class='ocrx_word' id='word_1_191' title='bbox 669 1433 776 1471; x_wconf 85' lang='lat' dir='ltr'>grave</span> <span class='ocrx_word' id='word_1_192' title='bbox 793 1422 924 1456; x_wconf 89' lang='lat' dir='ltr'>olentia</span> <span class='ocrx_word' id='word_1_193' title='bbox 940 1426 1137 1457; x_wconf 81' lang='lat' dir='ltr'>centaurea.</span> 
     </span>
    </p>
   </div>
   <div class='ocr_carea' id='block_1_4' title="bbox 137 1468 1060 1789">
    <p class='ocr_par' dir='ltr' id='par_1_4' title="bbox 137 1468 1060 1743">
     <span class='ocr_line' id='line_1_31' title="bbox 139 1468 958 1512; baseline 0 -11"><span class='ocrx_word' id='word_1_194' title='bbox 139 1468 201 1502; x_wconf 86' lang='lat' dir='ltr'>Est</span> <span class='ocrx_word' id='word_1_195' title='bbox 218 1469 326 1502; x_wconf 86' lang='lat' dir='ltr'>etiam</span> <span class='ocrx_word' id='word_1_196' title='bbox 342 1469 430 1502; x_wconf 90' lang='lat' dir='ltr'>flos</span> <span class='ocrx_word' id='word_1_197' title='bbox 421 1480 458 1501; x_wconf 93' lang='lat' dir='ltr'>1n</span> <span class='ocrx_word' id='word_1_198' title='bbox 476 1468 596 1512; x_wconf 86' lang='lat' dir='ltr'>pratis,</span> <span class='ocrx_word' id='word_1_199' title='bbox 614 1468 672 1501; x_wconf 90' lang='lat' dir='ltr'>cui</span> <span class='ocrx_word' id='word_1_200' title='bbox 688 1479 816 1501; x_wconf 87' lang='lat' dir='ltr'>nomen</span> <span class='ocrx_word' id='word_1_201' title='bbox 832 1468 958 1502; x_wconf 89' lang='lat' dir='ltr'>amello</span> 
     </span>
     <span class='ocr_line' id='line_1_32' title="bbox 138 1514 987 1558; baseline 0.001 -11"><span class='ocrx_word' id='word_1_202' title='bbox 138 1514 265 1548; x_wconf 86' lang='lat' dir='ltr'>Fecere</span> <span class='ocrx_word' id='word_1_203' title='bbox 281 1514 452 1558; x_wconf 87' lang='lat' dir='ltr'>agricolae,</span> <span class='ocrx_word' id='word_1_204' title='bbox 470 1514 584 1548; x_wconf 89' lang='lat' dir='ltr'>facilis</span> <span class='ocrx_word' id='word_1_205' title='bbox 602 1514 840 1558; x_wconf 84' lang='lat' dir='ltr'>quaerentibus</span> <span class='ocrx_word' id='word_1_206' title='bbox 857 1514 987 1556; x_wconf 85' lang='lat' dir='ltr'>herba;</span> 
     </span>
     <span class='ocr_line' id='line_1_33' title="bbox 138 1560 1050 1605; baseline 0.001 -12"><span class='ocrx_word' id='word_1_207' title='bbox 138 1560 298 1605; x_wconf 80' lang='lat' dir='ltr'>Namque</span> <span class='ocrx_word' id='word_1_208' title='bbox 314 1572 385 1594; x_wconf 87' lang='lat' dir='ltr'>uno</span> <span class='ocrx_word' id='word_1_209' title='bbox 401 1560 581 1604; x_wconf 84' lang='lat' dir='ltr'>ingentem</span> <span class='ocrx_word' id='word_1_210' title='bbox 598 1560 692 1594; x_wconf 85' lang='lat' dir='ltr'>tollit</span> <span class='ocrx_word' id='word_1_211' title='bbox 710 1560 753 1593; x_wconf 89' lang='lat' dir='ltr'>de</span> <span class='ocrx_word' id='word_1_212' title='bbox 770 1561 900 1605; x_wconf 89' lang='lat' dir='ltr'>cespite</span> <span class='ocrx_word' id='word_1_213' title='bbox 917 1561 1050 1604; x_wconf 86' lang='lat' dir='ltr'>silvam,</span> 
     </span>
     <span class='ocr_line' id='line_1_34' title="bbox 138 1606 1060 1651; baseline 0.002 -12"><span class='ocrx_word' id='word_1_214' title='bbox 138 1606 274 1640; x_wconf 89' lang='lat' dir='ltr'>Aureus</span> <span class='ocrx_word' id='word_1_215' title='bbox 291 1606 364 1650; x_wconf 88' lang='lat' dir='ltr'>ipse</span> <span class='ocrx_word' id='word_1_216' title='bbox 379 1618 388 1648; x_wconf 80' lang='lat'><em>3</em></span> <span class='ocrx_word' id='word_1_217' title='bbox 413 1606 472 1640; x_wconf 89' lang='lat' dir='ltr'>sed</span> <span class='ocrx_word' id='word_1_218' title='bbox 489 1607 525 1639; x_wconf 88' lang='lat' dir='ltr'>in</span> <span class='ocrx_word' id='word_1_219' title='bbox 541 1606 644 1649; x_wconf 85' lang='lat' dir='ltr'>foliis,</span> <span class='ocrx_word' id='word_1_220' title='bbox 664 1617 741 1650; x_wconf 86' lang='lat' dir='ltr'>quae</span> <span class='ocrx_word' id='word_1_221' title='bbox 759 1607 912 1651; x_wconf 81' lang='lat' dir='ltr'>plurima</span> <span class='ocrx_word' id='word_1_222' title='bbox 928 1607 1060 1641; x_wconf 88' lang='lat' dir='ltr'>circum</span> 
     </span>
     <span class='ocr_line' id='line_1_35' title="bbox 138 1652 966 1697; baseline 0.002 -13"><span class='ocrx_word' id='word_1_223' title='bbox 138 1652 363 1696; x_wconf 83' lang='lat' dir='ltr'>Funduntur,</span> <span class='ocrx_word' id='word_1_224' title='bbox 380 1652 480 1686; x_wconf 79' lang='lat' dir='ltr'>Violae</span> <span class='ocrx_word' id='word_1_225' title='bbox 498 1652 657 1686; x_wconf 88' lang='lat' dir='ltr'>sublucet</span> <span class='ocrx_word' id='word_1_226' title='bbox 674 1664 830 1697; x_wconf 87' lang='lat' dir='ltr'>purpura</span> <span class='ocrx_word' id='word_1_227' title='bbox 846 1653 966 1697; x_wconf 83' lang='lat' dir='ltr'>nigrae,</span> 
     </span>
     <span class='ocr_line' id='line_1_36' title="bbox 137 1698 930 1743; baseline 0.003 -13"><span class='ocrx_word' id='word_1_228' title='bbox 137 1698 235 1742; x_wconf 81' lang='lat' dir='ltr'>Saepe</span> <span class='ocrx_word' id='word_1_229' title='bbox 253 1698 359 1731; x_wconf 75' lang='lat' dir='ltr'>deum</span> <span class='ocrx_word' id='word_1_230' title='bbox 375 1698 475 1732; x_wconf 77' lang='lat' dir='ltr'>nexis</span> <span class='ocrx_word' id='word_1_231' title='bbox 492 1703 623 1732; x_wconf 83' lang='lat' dir='ltr'>ornatae</span> <span class='ocrx_word' id='word_1_232' title='bbox 640 1699 822 1743; x_wconf 87' lang='lat' dir='ltr'>torquibus</span> <span class='ocrx_word' id='word_1_233' title='bbox 839 1709 906 1732; x_wconf 86' lang='lat' dir='ltr'>arae</span> <span class='ocrx_word' id='word_1_234' title='bbox 922 1711 930 1739; x_wconf 89' lang='lat'>;</span> 
     </span>
    </p>

    <p class='ocr_par' dir='ltr' id='par_1_5' title="bbox 139 1745 989 1789">
     <span class='ocr_line' id='line_1_37' title="bbox 139 1745 989 1789; baseline 0 -11"><span class='ocrx_word' id='word_1_235' title='bbox 139 1745 248 1789; x_wconf 80' lang='lat' dir='ltr'>Asper</span> <span class='ocrx_word' id='word_1_236' title='bbox 264 1745 302 1778; x_wconf 89' lang='lat' dir='ltr'>in</span> <span class='ocrx_word' id='word_1_237' title='bbox 319 1756 375 1778; x_wconf 90' lang='lat' dir='ltr'>ore</span> <span class='ocrx_word' id='word_1_238' title='bbox 393 1756 493 1789; x_wconf 83' lang='lat' dir='ltr'>sapor</span> <span class='ocrx_word' id='word_1_239' title='bbox 507 1756 515 1786; x_wconf 93' lang='lat'>;</span> <span class='ocrx_word' id='word_1_240' title='bbox 542 1745 649 1778; x_wconf 88' lang='lat' dir='ltr'>tonsis</span> <span class='ocrx_word' id='word_1_241' title='bbox 666 1745 704 1778; x_wconf 89' lang='lat' dir='ltr'>in</span> <span class='ocrx_word' id='word_1_242' title='bbox 721 1745 870 1779; x_wconf 83' lang='lat' dir='ltr'>vallibus</span> <span class='ocrx_word' id='word_1_243' title='bbox 887 1745 989 1778; x_wconf 87' lang='lat' dir='ltr'>illum</span> 
     </span>
    </p>
   </div>
   <div class='ocr_carea' id='block_1_5' title="bbox 1199 509 1268 542">
    <p class='ocr_par' dir='ltr' id='par_1_6' title="bbox 1199 509 1268 542">
     <span class='ocr_line' id='line_1_38' title="bbox 1199 509 1268 542; baseline 0.029 -2"><span class='ocrx_word' id='word_1_244' title='bbox 1199 509 1268 542; x_wconf 84' lang='lat'>250</span> 
     </span>
    </p>
   </div>
   <div class='ocr_carea' id='block_1_6' title="bbox 1194 967 1267 999">
    <p class='ocr_par' dir='ltr' id='par_1_7' title="bbox 1194 967 1267 999">
     <span class='ocr_line' id='line_1_39' title="bbox 1194 967 1267 999; baseline 0.014 -1"><span class='ocrx_word' id='word_1_245' title='bbox 1194 967 1267 999; x_wconf 82' lang='lat'>260</span> 
     </span>
    </p>
   </div>
   <div class='ocr_carea' id='block_1_7' title="bbox 1194 1399 1317 1458">
    <p class='ocr_par' dir='ltr' id='par_1_8' title="bbox 1194 1399 1317 1458">
     <span class='ocr_line' id='line_1_40' title="bbox 1194 1399 1317 1458; baseline 0.008 -1"><span class='ocrx_word' id='word_1_246' title='bbox 1194 1423 1262 1458; x_wconf 85' lang='lat'>270</span> <span class='ocrx_word' id='word_1_247' title='bbox 1311 1399 1317 1418; x_wconf 65' lang='lat'><strong>⁶</strong></span> 
     </span>
    </p>
   </div>
   <div class='ocr_carea' id='block_1_8' title="bbox 1326 898 1345 1033">
    <p class='ocr_par' dir='ltr' id='par_1_9' title="bbox 1326 898 1345 1033">
     <span class='ocr_line' id='line_1_41' title="bbox 1326 898 1345 1033; textangle 90"><span class='ocrx_word' id='word_1_248' title='bbox 1326 898 1345 1033; x_wconf 36' lang='grc' dir='ltr'>ΔιΔ-..ιξ</span> 
     </span>
    </p>
   </div>
   <div class='ocr_carea' id='block_1_9' title="bbox 1303 1039 1345 1927">
    <p class='ocr_par' dir='ltr' id='par_1_10' title="bbox 1303 1039 1345 1927">
     <span class='ocr_line' id='line_1_42' title="bbox 1303 1039 1345 1927; baseline 0 0"><span class='ocrx_word' id='word_1_249' title='bbox 1303 1039 1345 1927; x_wconf 95' lang='lat' dir='ltr'> </span> 
     </span>
    </p>
   </div>
  </div>
 </body>
</html>
