1345 1927
379 78 644 113 GEORGICON
669 77 756 110 LIB.
783 77 850 110 III.
1129 75 1173 106 59

57 148 204 190 Interea,
222 150 362 190 superat
378 145 540 189 gregibus
558 145 642 178 dum
658 144 739 177 laeta
750 145 926 195 juventas,

56 193 157 227 Solve
172 204 307 232 1113103;
330 192 432 224 mitte
449 192 486 223 in
503 191 673 224 Venerem
689 189 851 233 pecuaria
868 200 909 232 pr
911 189 1010 230 lmus,

56 239 173 282 Atque
189 238 295 271 aliam
312 249 355 270 ex
372 237 441 270 alia
457 236 653 279 0-enerando
671 235 787 268 suffice
803 234 945 285 prolem.

58 284 199 328 Optima
215 293 359 327 quaeque
376 282 449 315 dies
465 282 598 314 miseris
615 280 819 314 mortalibus
836 279 900 312 aevi

56 329 174 363 Prima
190 329 306 372 fugit3
332 328 482 360 subeunt
497 326 608 360 morbi
625 327 801 370 tristisque
819 329 1001 365 senectus3

55 375 103 408 Et
119 375 216 408 labor
232 379 268 407 et
285 354 378 406 durae
395 373 488 416 rapit
504 372 728 405 inclementia
744 371 874 404 mortis.

57 420 198 464 Semper
214 423 328 462 erunt,
345 430 493 463 quarum
509 418 640 451 mutari
657 429 797 461 corpora
812 416 937 457 malis3

57 465 198 510 Semper
214 465 307 498 enim
323 464 433 507 refice,
451 475 500 506 30,
517 475 561 496 110
577 467 654 507 post
671 463 797 496 amissa
811 462 976 506 requiras,
1136 461 1178 493 70

56 511 240 554 Anteveni,
258 514 293 544 et
310 509 463 543 subolem
481 513 636 542 armento
650 509 770 542 sortire
788 508 983 552 quotannis.

102 557 137 590 N
138 568 175 590 00
192 568 262 589 non
279 560 314 589 et
330 555 446 608 pecori
463 559 514 588 est
530 555 623 587 idem
640 555 788 587 dilectus
806 554 940 598 equino.

57 602 111 636 Tu
126 602 237 645 modo,
255 613 337 645 quos
354 601 392 634 in
410 612 504 644 spem
522 604 652 634 statues
671 600 874 633 submittere
890 598 1014 642 gentis,

57 647 306 692 Praecipuum
291 659 366 690 Jam
382 647 464 679 inde
481 657 502 680 a
518 646 646 679 teneris
663 646 824 689 impende
841 645 1002 678 laborem.

59 693 232 727 Continuo
248 693 380 737 pecoris
396 692 551 735 generosi
568 691 713 735 pullus'
703 703 741 724 111
758 703 795 724 31
799 692 849 724 vis

58 739 176 772 Altius
193 739 398 782 ingreditur,
416 741 451 770 et
467 737 586 770 mollia
603 748 703 770 crura
719 737 864 780 reponit.

58 784 197 818 Primus
214 789 249 817 et
265 784 315 816 ire
331 783 434 826 viam,
452 787 487 816 et
503 782 625 815 fluvios
643 787 778 815 tentale
794 783 946 815 minaces

58 829 186 873 Audet,
205 833 239 862 et
256 829 375 872 ignoto
393 839 464 861 sese
481 828 695 861 committere
712 828 820 871 ponti,

60 875 132 909 Nec
148 886 255 908 vanos
271 875 387 907 horret
405 873 578 917 strepitus.
628 873 688 906 Illi
704 873 813 906 ardua
830 872 957 915 cervix,

59 919 303 964 Argutumque
321 923 437 971 caput,
454 919 567 952 brevis
583 919 693 962 alvus,
711 918 880 962 obesaque
898 922 1019 962 tergaq
1137 917 1182 949 80

59 966 301 1010 Luxuriatque
317 965 401 998 toris
417 965 611 998 animosum
628 969 759 1008 pectus.
809 964 956 997 Honesti

60 1011 234 1055 spadices,
251 1011 435 1054 glaucique
449 1023 458 1052 ;
483 1010 575 1043 color
591 1010 796 1043 deterrimus
813 1010 900 1043 albis

60 1057 107 1091 Et
123 1057 225 1100 gilvo.
274 1057 373 1099 Tum,
391 1056 420 1089 si
436 1067 505 1099 qua
523 1067 644 1088 sonum
661 1056 781 1100 procul
798 1067 894 1089 arma
911 1055 1044 1097 dedere,

61 1102 161 1136 Stare
177 1102 250 1135 loco
267 1102 388 1144 nescit,
404 1102 512 1135 micat
529 1101 679 1144 auribus,
698 1106 733 1134 et
749 1102 869 1135 tremit
886 1106 993 1143 artus,

61 1148 321 1191 Collectumque
337 1147 487 1180 fremens
503 1147 612 1180 volvit
629 1147 692 1180 sub
710 1147 851 1180 naribus
868 1147 993 1190 ignem.

60 1193 178 1227 Densa
189 1193 286 1237 juba,
304 1197 339 1226 et
356 1193 478 1225 dextro
490 1194 626 1236 jactata
641 1193 812 1226 recumbit
830 1194 866 1225 in
883 1203 978 1226 armo
992 1203 999 1225 :

61 1239 111 1272 At
127 1239 258 1283 duplex
274 1239 392 1282 agitur
408 1249 469 1282 per
485 1238 619 1271 lumbos
637 1239 736 1282 spina
750 1250 759 1279 ;
784 1243 954 1282 cavatque

62 1284 236 1317 Tellurem
253 1288 287 1317 et
305 1283 411 1316 solido
428 1283 581 1326 graviter
597 1288 696 1316 sonat
712 1284 846 1327 ungula
863 1295 979 1317 cornu.

62 1329 156 1363 'ralis
173 1329 343 1373 Amyclaei
359 1329 511 1361 domitus
528 1328 679 1361 Pollucis
695 1329 839 1362 habenis

63 1375 231 1418 Cyllarus,
249 1378 284 1408 et
301 1377 449 1417 quorum
466 1374 560 1407 Graii
575 1374 763 1407 meminere
779 1376 903 1418 poetae,
1140 1374 1184 1405 90

62 1419 188 1454 Martis
205 1420 285 1472 equi
302 1420 446 1463 bijuges,
464 1423 499 1452 et
515 1420 634 1463 magni
652 1431 771 1453 currus
789 1420 941 1453 Achilli.

63 1465 156 1500 Talis
174 1470 209 1499 et
225 1466 298 1509 ipse
310 1465 433 1508 jubam
451 1465 581 1498 cervice
573 1446 721 1497 oeffudit
738 1465 866 1508 equina

64 1511 228 1555 Conjugis
246 1511 400 1543 adventu
417 1510 540 1554 pernix
559 1509 738 1553 Satumus,
757 1514 792 1543 et
809 1511 922 1544 altum

63 1555 185 1590 Pelion
201 1556 345 1589 hinnitu
361 1556 500 1598 fugiens
516 1555 676 1599 implevit
693 1560 805 1589 acuto.

111 1602 217 1634 Hunc
228 1612 373 1645 quoque,
384 1601 445 1633 ubi
458 1605 521 1634 aut
530 1600 647 1634 morbo
657 1602 773 1644 gravis
786 1605 848 1634 aut
854 1602 929 1645 jam
941 1601 1076 1645 segnior
1086 1600 1186 1634 annis

63 1647 200 1690 Deficit,
218 1647 306 1680 abde
324 1647 433 1689 domo,
451 1657 514 1679 nec
531 1647 627 1690 turpi
643 1647 782 1689 ignosce
800 1651 956 1681 senectae.

65 1692 228 1736 Frigidus
243 1692 282 1725 in
299 1692 468 1724 Venerem
486 1692 607 1735 senior,
624 1692 823 1736 frustraque
840 1693 992 1726 laborem

66 1737 253 1782 Ingratum
270 1737 380 1772 trahit
392 1750 402 1780 ς
427 1741 472 1781 et,
489 1737 517 1771 si
535 1738 673 1782 quando
690 1738 734 1772 ad
751 1739 873 1782 proelia
889 1742 1034 1779 ‚ventum
1051 1740 1112 1780 est,
