1345 1927
415 17 632 52 AENEIDOS
657 19 744 53 LIB.
770 19 818 53 ΙΙ.
1108 23 1172 55 125

63 83 212 117 Immissi
228 84 352 127 Danai,
369 88 405 117 et
420 84 491 118 late
508 85 585 118 loca
600 85 713 118 milite
729 85 911 129 complent.

61 129 95 162 Ν
96 141 140 162 011
157 130 214 173 sic,
231 130 415 173 aggeribus
431 130 544 173 ruptis
561 141 670 174 quum
687 142 847 175 spumeus
864 132 976 165 amnis

60 175 169 218 Exiit,
186 176 428 219 oppositasque
444 176 548 209 evicit
564 176 703 219 gurgite
718 176 834 219 moles,

60 219 186 253 Fertur
201 220 239 253 in
255 232 338 254 arva
353 221 471 254 furens
488 221 636 264 cumulo,
654 232 859 265 camposque
875 233 936 266 per
953 234 1069 256 omnes

61 265 148 298 Cum
164 266 309 299 stabulis
325 271 482 299 armenta
498 266 617 300 trahit.
666 267 748 299 Vidi
764 267 837 311 ipse
852 268 1027 301 furentem

60 310 158 344 Caede
175 311 449 355 Neoptolemum,
466 312 689 355 geminosque
704 312 742 345 in
758 312 878 346 limine
895 313 1036 347 Atridas
1050 326 1057 347 :
1102 316 1170 348 500

59 355 142 389 Vidi
159 356 341 390 Hecubam
357 361 568 400 centumque
583 369 703 400 nurus,
720 357 967 402 Priamumque
984 371 1045 403 per
1061 371 1137 394 aras

58 401 235 445 Sanguine
251 402 449 446 foedantem,
468 413 553 446 quos
569 403 642 447 ipse
659 407 862 446 sacraverat,
879 404 986 447 ignes.

59 447 323 491 Quinquaginta
340 448 393 480 illi
409 448 565 490 thalami,
583 460 658 492 spes
674 452 776 482 tanta
791 454 968 494 nepotum,

57 490 241 526 Barbarico
258 496 371 537 postes
388 504 471 526 auro
489 494 672 538 spoliisque
689 494 836 538 superbi,

58 537 274 571 Procubuere
288 550 294 572 :
319 542 440 572 tenent
456 539 579 582 Danai,
598 550 667 583 qua
684 539 800 573 deficit
816 539 917 583 ignis.

103 583 122 600 “
135 582 294 616 Forsitan
311 587 346 616 et
363 582 496 626 Priami
512 583 643 615 fuerint
660 593 736 626 quae
754 582 837 624 fata,
854 582 1018 626 requiras.

58 626 160 660 Urbis
175 627 231 660 uti
247 631 356 671 captae
373 638 491 660 casum
508 626 740 670 convulsaque
757 627 845 660 vidit

56 672 194 706 Limina
210 677 390 714 tectorum,
408 676 443 705 et
458 672 612 705 medium
628 672 666 704 in
682 672 917 715 penetralibus
933 673 1077 716 hostem,

57 718 164 751 Arma
180 718 242 751 diu
258 718 369 751 senior
385 717 528 750 desueta
543 717 772 750 trementibus
790 728 862 751 aevo

57 763 258 796 Circumdat
274 763 510 805 nequidquam
527 762 689 805 humeris,
708 767 742 795 et
759 763 885 796 inutile
901 764 1032 797 ferrum
1102 767 1169 798 510

57 808 225 852 Cingitur,
243 819 282 841 ac
299 808 421 841 densos
436 808 548 840 fertur
564 807 751 840 moriturus
767 808 806 840 in
822 808 945 842 hostes.

55 853 204 887 AEdibus
219 854 258 886 in
273 853 405 895 mediis,
422 853 584 897 nudoque
600 853 664 886 sub
681 853 818 886 aetheris
835 865 910 897 axe,

56 899 184 943 Ingens
200 910 261 933 ara
276 899 356 942 fuit,
368 901 542 943 juxtaque
559 899 743 932 veterrima
758 898 887 942 laurus,

56 944 264 978 Incumbens
281 956 348 978 arae
365 948 470 988 atque
486 944 608 977 umbra
624 944 804 988 complexa
820 948 972 988 penates.

56 989 126 1023 Hic
143 990 289 1024 Hecuba
305 994 340 1023 et
355 994 449 1023 natae
466 989 700 1034 nequidquam
716 990 842 1023 altaria
858 991 998 1034 circum,

55 1035 255 1080 Praecipites
271 1040 348 1070 atra
364 1047 428 1069 ceu
443 1039 649 1079 tempestate
666 1035 840 1077 columbae,

56 1081 241 1115 Condensae
258 1085 293 1115 et
310 1081 429 1115 divum
446 1081 615 1125 amplexae
633 1081 817 1114 simulacra
833 1081 1006 1116 sedebant.

56 1126 177 1171 Ipsum
193 1131 310 1161 autem
327 1127 449 1160 sumtis
466 1126 645 1160 Priamum
656 1127 879 1170 juvenalibus
896 1128 999 1161 armis

52 1172 102 1206 Ut
117 1172 275 1214 vidit‚—‘
288 1172 375 1212 Quae
389 1183 486 1205 mens
502 1176 576 1205 tam
593 1172 677 1215 dira,
694 1173 885 1207 miserrime
902 1175 1040 1217 conjux,

53 1217 204 1261 Impulit
220 1216 275 1250 his
291 1217 386 1260 cingi
401 1217 480 1250 telis
494 1217 506 1250 2
531 1222 593 1251 aut
611 1228 678 1261 quo
695 1218 767 1251 ruis
781 1218 804 1252 2’
829 1219 954 1264 inquit.
1104 1221 1171 1252 520

53 1264 62 1280 ‘
73 1263 152 1296 Non
169 1262 233 1296 tali
249 1262 391 1303 auxilio,
407 1274 471 1296 nec
489 1263 724 1296 defensoribus
740 1263 816 1296 istis

54 1306 204 1351 Tempus
220 1309 299 1350 eget
313 1318 321 1347 ;
344 1317 424 1348 11011,
442 1305 470 1338 si
486 1305 559 1349 ipse
574 1316 671 1338 meus
687 1316 780 1337 1111110
797 1304 918 1337 afforet
936 1305 1073 1340 Hector.

54 1352 135 1386 Huc
151 1352 294 1385 tandem
310 1351 455 1385 concede
470 1363 478 1391 ;
503 1351 576 1384 haec
593 1362 652 1383 ara
668 1349 824 1383 tuebitur
840 1361 966 1392 omnes,

54 1397 124 1429 Aut
140 1395 284 1429 moriere
302 1394 426 1428 simul.'
475 1393 530 1427 Sic
547 1404 603 1427 ore
620 1394 724 1427 effata
751 1394 881 1438 recepit

54 1441 111 1475 Ad
127 1452 209 1483 sese,
226 1444 262 1474 et
278 1451 375 1474 sacra
391 1440 589 1483 longaevum
605 1439 642 1472 in
659 1439 738 1473 sede
753 1439 890 1474 locavit.

101 1487 120 1504 “
132 1485 221 1520 Ecce
236 1490 356 1519 autem
372 1485 509 1529 elapsus
526 1484 652 1529 Pyrrhi
669 1484 711 1518 de
727 1484 820 1518 caede
836 1485 976 1529 Polites,

54 1534 153 1568 Unus
168 1535 331 1566 natorum
347 1530 487 1572 Priami,
503 1539 565 1573 per
581 1529 661 1570 tela,
678 1538 739 1571 per
755 1529 870 1560 hostes

55 1578 248 1613 Porticibus
264 1576 377 1620 longis
393 1575 498 1618 fugit,
515 1578 550 1608 et
567 1584 677 1608 vacua
693 1572 783 1606 atria
799 1572 927 1606 lustrat

55 1625 210 1659 Saucius.
258 1623 364 1656 Illum
381 1621 504 1655 ardens
521 1619 646 1652 infesto
663 1618 805 1651 vulnere
822 1618 977 1661 Pyrrhus

57 1669 266 1715 Insequitur,
279 1669 354 1713 jam
366 1668 508 1711 jamque
524 1676 631 1699 manu
647 1667 754 1707 tenet,
770 1667 806 1697 et
821 1663 948 1708 premit
964 1663 1072 1698 hasta.
1100 1665 1166 1698 530
