1345 1927
145 93 213 125 :352
455 90 492 125 Ρ.
519 91 722 125 VIRGILII
748 91 963 127 MARONIS

145 157 350 202 Sperabant,
367 169 462 192 nunc
478 170 575 192 arma
591 159 724 203 volunt,
740 159 923 204 foedusque
939 165 1127 205 precantur

147 203 335 246 Infectum‚
353 209 388 238 et
405 204 513 238 Turni
530 209 657 238 sortem
673 206 884 239 miserantur
899 206 1066 251 iniquam.

145 249 211 282 His
229 249 326 283 aliud
343 251 456 294 majus
473 250 498 284 J
501 255 630 284 uturna
647 251 702 295 adj
710 252 819 295 ungit,
837 257 872 284 et
889 252 960 285 alto

145 295 216 329 Dat
233 296 372 340 signum
390 296 497 337 coelo;
521 307 590 340 quo
607 308 675 330 non
694 297 898 341 praesentius
916 297 1030 331 ullum

144 340 313 375 Turbavit
329 346 463 375 mentes
482 341 598 383 Italas,
616 349 837 387 monstroque
854 343 988 377 fefellit.

144 387 304 432 Namque
321 388 440 421 volans
457 387 562 422 rubra
577 388 695 421 fulvus
713 389 737 422 J
740 389 812 422 ovis
829 389 901 422 ales
917 389 954 422 in
971 389 1083 424 aethra

143 432 297 466 Litoreas
314 433 472 477 agitabat
488 446 568 467 aves
585 434 793 478 turbamque
810 440 992 469 sonantem

143 479 302 523 Agminis
319 480 441 522 aligeri
456 492 464 520 ;
489 480 604 513 subito
621 491 731 523 quum
747 480 864 524 lapsus
882 481 927 514 ad
944 481 1056 515 undas

143 524 299 568 Cycnum
317 525 545 558 excellentem
562 525 707 570 pedibus
723 526 817 569 rapit
834 526 1010 570 improbus
1028 527 1135 561 uncis.
1193 528 1264 561 250

141 572 310 604 Arrexere
327 571 460 604 animos
479 571 574 614 Itali,
593 576 795 615 eunctaeque
814 571 968 606 volucres

143 616 359 650 Convertunt
376 617 524 650 clamore
540 617 672 660 fugam,
690 616 848 651 mirabile
865 618 953 662 visu,

142 662 354 706 AEtheraque
371 662 556 696 obscurant
573 663 706 707 pennis,
724 663 926 707 hostemque
943 675 1004 708 per
1020 675 1122 698 auras

142 707 249 742 Facta
266 708 358 742 nube
375 713 560 752 premunt:
587 709 694 742 donec
712 709 746 742 vi
764 709 886 750 victus,
904 714 939 742 et
956 710 1029 755 ipso

141 754 296 788 Pondere
313 754 450 798 defecit,
467 755 690 799 praedamque
707 766 750 788 ex
768 754 943 798 unguibus
959 755 1030 789 ales

140 800 291 844 Projecit
307 800 423 843 fluvio,
440 801 649 845 penitusque
665 801 702 834 in
719 800 841 834 nubila
857 800 959 845 fugit.

140 846 230 879 Tum
246 857 326 879 vero
342 847 529 890 augurium
548 846 673 880 Rutuli
690 846 837 880 clamore
855 847 1020 890 salutant,

139 892 412 936 Expediuntque
428 903 553 926 manus
569 905 576 933 ;
600 893 802 936 primusque
819 892 1023 926 Tolumnius
1040 904 1165 938 augur,

141 939 158 953 ‘²
182 937 257 970 Hoc
275 943 357 979 erat,
375 938 440 971 hoc
456 937 583 977 votis‚”
600 939 727 982 inquit,
745 940 763 956 ‘²
777 939 867 983 quod
883 950 973 983 saepe
989 939 1119 983 petivi:

139 981 290 1024 Accipio,
308 992 523 1025 agnoscoque
541 982 621 1015 deos
635 994 642 1015 :
666 994 731 1023 me,
748 993 803 1016 me
820 982 907 1017 duce
923 984 1054 1017 ferrum
1186 986 1256 1019 260

139 1026 318 1070 Corripite,
335 1039 354 1060 o
371 1027 497 1070 miseri,
515 1039 599 1071 quos
616 1027 793 1072 improbus
810 1028 944 1062 advena
960 1029 1050 1063 bello

138 1072 297 1115 Territat,
315 1072 486 1106 invalidas
503 1079 544 1106 ut
561 1085 641 1107 aves
658 1078 694 1107 et
711 1073 813 1107 litora
830 1080 945 1108 vestra

139 1118 184 1151 Vi
201 1118 355 1162 populat.
404 1118 505 1152 Petet
521 1119 581 1152 ille
598 1119 729 1163 fugam,
747 1120 958 1164 penitusque
975 1121 1147 1165 profundo

138 1163 226 1198 Vela
242 1164 348 1198 dabit.
398 1164 467 1198 Vos
484 1165 643 1198 unanimi
661 1165 803 1199 densate
820 1172 975 1200 catervas

137 1209 183 1243 Et
199 1221 316 1254 regem
333 1210 428 1244 vobis
446 1222 565 1254 pugna
583 1211 758 1244 defendite
775 1213 947 1255 raptum?

136 1255 248 1299 Dixit,
266 1262 301 1290 et
317 1256 477 1290 adversos
494 1257 604 1290 telum
622 1258 787 1290 contorsit
804 1258 840 1290 in
858 1257 972 1291 hostes

136 1301 345 1335 Procurrens
358 1315 367 1344 ;
392 1303 545 1335 sonitum
562 1303 623 1336 dat
640 1303 788 1336 stridula
804 1315 937 1346 cornus,
954 1308 989 1337 et
1006 1315 1108 1338 auras

137 1348 238 1381 Certa
254 1352 356 1382 secat.
405 1348 517 1382 Simul
534 1348 608 1391 hoc,
626 1349 729 1382 simul
746 1349 868 1393 ingens
885 1349 1023 1393 clamor,
1041 1355 1076 1384 et
1092 1361 1210 1384 omnes

135 1393 281 1427 Tru-bati
299 1394 411 1438 cunei,
429 1394 666 1439 calefactaque
683 1395 786 1428 eorda
803 1395 969 1429 tumultu.

136 1439 249 1473 Hasta
265 1439 394 1483 volans,
412 1445 453 1474 ut
469 1440 559 1474 forte
575 1452 700 1474 novem
717 1441 950 1485 pulcherrima
966 1441 1116 1476 fratrum
1181 1443 1251 1477 270

135 1485 282 1529 Corpora
299 1486 528 1519 constiterant
544 1491 673 1529 contra,
691 1498 776 1530 quos
792 1487 862 1520 fida
879 1492 1012 1521 crearat

134 1530 213 1564 Una
230 1535 283 1565 tot
300 1532 448 1565 Arcadio
465 1533 594 1576 conjux
611 1532 791 1576 Tyrrhena
809 1532 968 1577 Gylippo,

134 1576 270 1610 Horum
286 1589 397 1610 unum
413 1577 458 1611 ad
474 1578 638 1620 medium,
657 1578 783 1612 teritur
799 1590 869 1623 qua
886 1579 1000 1612 sutilis
1017 1578 1095 1613 alvo

132 1621 286 1666 Balteus,
304 1627 339 1656 et
355 1623 506 1657 laterum
517 1625 703 1668 juncturas
720 1623 827 1658 fibula
842 1624 988 1668 mordet,

131 1667 322 1711 Egregium
338 1669 449 1702 forma
461 1670 628 1713 juvenem
645 1674 680 1703 et
696 1670 914 1714 fulgentibus
931 1670 1045 1714 armis,

131 1713 353 1758 Transadigit
370 1720 489 1758 costas,
507 1715 674 1759 fulvaque
691 1715 840 1749 effundit
857 1727 970 1751 arena.

132 1760 179 1793 At
195 1760 329 1802 fratres,
346 1762 501 1796 animosa
517 1761 673 1806 phalanx
689 1773 902 1806 accensaque
918 1761 1028 1806 luctu,
