<?xml version="1.0" encoding="UTF-8"?>
<!DOCTYPE html PUBLIC "-//W3C//DTD XHTML 1.0 Transitional//EN"
    "http://www.w3.org/TR/xhtml1/DTD/xhtml1-transitional.dtd">
<html xmlns="http://www.w3.org/1999/xhtml" xml:lang="en" lang="en">
 <head>
  <title>
</title>
<meta http-equiv="Content-Type" content="text/html;charset=utf-8" />
  <meta name='ocr-system' content='tesseract 3.04.00' />
  <meta name='ocr-capabilities' content='ocr_page ocr_carea ocr_par ocr_line ocrx_word'/>
</head>
<body>
  <div class='ocr_page' id='page_1' title='image "./operaomnia00virguoft_0117.png"; bbox 0 0 1345 1927; ppageno 0'>
   <div class='ocr_carea' id='block_1_1' title="bbox 441 55 824 90">
    <p class='ocr_par' dir='ltr' id='par_1_1' title="bbox 441 55 824 90">
     <span class='ocr_line' id='line_1_1' title="bbox 441 55 824 90; baseline -0.008 0"><span class='ocrx_word' id='word_1_1' title='bbox 441 55 660 90; x_wconf 82' lang='lat' dir='ltr'>AENEIDOS</span> <span class='ocrx_word' id='word_1_2' title='bbox 685 55 772 88; x_wconf 89' lang='lat' dir='ltr'><strong>LIB.</strong></span> <span class='ocrx_word' id='word_1_3' title='bbox 798 55 824 88; x_wconf 94' lang='lat' dir='ltr'>I.</span> 
     </span>
    </p>
   </div>
   <div class='ocr_carea' id='block_1_2' title="bbox 51 123 1057 1765">
    <p class='ocr_par' dir='ltr' id='par_1_2' title="bbox 51 123 1057 1765">
     <span class='ocr_line' id='line_1_2' title="bbox 77 123 975 168; baseline -0.003 -9"><span class='ocrx_word' id='word_1_4' title='bbox 77 123 225 159; x_wconf 85' lang='lat' dir='ltr'>Centum</span> <span class='ocrx_word' id='word_1_5' title='bbox 241 124 328 168; x_wconf 74' lang='lat' dir='ltr'>aliae,</span> <span class='ocrx_word' id='word_1_6' title='bbox 346 124 561 168; x_wconf 81' lang='lat' dir='ltr'>totidemque</span> <span class='ocrx_word' id='word_1_7' title='bbox 577 135 676 168; x_wconf 80' lang='lat' dir='ltr'>pares</span> <span class='ocrx_word' id='word_1_8' title='bbox 694 128 798 157; x_wconf 82' lang='lat' dir='ltr'>aetate</span> <span class='ocrx_word' id='word_1_9' title='bbox 813 123 975 167; x_wconf 85' lang='lat' dir='ltr'>ministri,</span> 
     </span>
     <span class='ocr_line' id='line_1_3' title="bbox 76 169 987 215; baseline -0.001 -11"><span class='ocrx_word' id='word_1_10' title='bbox 76 171 144 212; x_wconf 83' lang='lat' dir='ltr'>Qui</span> <span class='ocrx_word' id='word_1_11' title='bbox 161 171 307 215; x_wconf 78' lang='lat' dir='ltr'>dapibus</span> <span class='ocrx_word' id='word_1_12' title='bbox 322 182 458 204; x_wconf 84' lang='lat' dir='ltr'>mensas</span> <span class='ocrx_word' id='word_1_13' title='bbox 475 174 630 213; x_wconf 81' lang='lat' dir='ltr'>onerant,</span> <span class='ocrx_word' id='word_1_14' title='bbox 648 173 682 203; x_wconf 87' lang='lat' dir='ltr'>et</span> <span class='ocrx_word' id='word_1_15' title='bbox 699 169 825 214; x_wconf 86' lang='lat' dir='ltr'>pocula</span> <span class='ocrx_word' id='word_1_16' title='bbox 842 175 987 213; x_wconf 79' lang='lat' dir='ltr'>ponunt.</span> 
     </span>
     <span class='ocr_line' id='line_1_4' title="bbox 73 215 927 260; baseline -0.002 -10"><span class='ocrx_word' id='word_1_17' title='bbox 73 216 109 249; x_wconf 84' lang='lat' dir='ltr'>N</span> <span class='ocrx_word' id='word_1_18' title='bbox 109 228 148 250; x_wconf 88' lang='lat' dir='ltr'>ec</span> <span class='ocrx_word' id='word_1_19' title='bbox 164 229 234 250; x_wconf 88' lang='lat' dir='ltr'>non</span> <span class='ocrx_word' id='word_1_20' title='bbox 251 221 286 250; x_wconf 90' lang='lat' dir='ltr'>et</span> <span class='ocrx_word' id='word_1_21' title='bbox 303 217 398 260; x_wconf 80' lang='lat' dir='ltr'>Tyrii</span> <span class='ocrx_word' id='word_1_22' title='bbox 414 228 476 260; x_wconf 87' lang='lat' dir='ltr'>per</span> <span class='ocrx_word' id='word_1_23' title='bbox 491 216 614 248; x_wconf 86' lang='lat' dir='ltr'>limina</span> <span class='ocrx_word' id='word_1_24' title='bbox 630 215 713 248; x_wconf 86' lang='lat' dir='ltr'>laeta</span> <span class='ocrx_word' id='word_1_25' title='bbox 728 215 927 259; x_wconf 81' lang='lat' dir='ltr'>frequentes</span> 
     </span>
     <span class='ocr_line' id='line_1_5' title="bbox 75 260 843 305; baseline -0.004 -9"><span class='ocrx_word' id='word_1_26' title='bbox 75 262 281 305; x_wconf 83' lang='lat' dir='ltr'>Convenere,</span> <span class='ocrx_word' id='word_1_27' title='bbox 298 262 381 295; x_wconf 88' lang='lat' dir='ltr'>toris</span> <span class='ocrx_word' id='word_1_28' title='bbox 393 262 483 304; x_wconf 85' lang='lat' dir='ltr'>jussi</span> <span class='ocrx_word' id='word_1_29' title='bbox 499 260 714 294; x_wconf 83' lang='lat' dir='ltr'>discumbere</span> <span class='ocrx_word' id='word_1_30' title='bbox 730 261 843 304; x_wconf 83' lang='lat' dir='ltr'>pictis.</span> 
     </span>
     <span class='ocr_line' id='line_1_6' title="bbox 73 306 861 349; baseline -0.004 -8"><span class='ocrx_word' id='word_1_31' title='bbox 73 306 250 341; x_wconf 75' lang='lat' dir='ltr'><strong>Mirantur</strong></span> <span class='ocrx_word' id='word_1_32' title='bbox 266 308 357 341; x_wconf 84' lang='lat' dir='ltr'>dona</span> <span class='ocrx_word' id='word_1_33' title='bbox 372 308 494 340; x_wconf 86' lang='lat' dir='ltr'>AEneae</span> <span class='ocrx_word' id='word_1_34' title='bbox 509 320 518 348; x_wconf 82' lang='lat'><em>3</em></span> <span class='ocrx_word' id='word_1_35' title='bbox 541 307 715 339; x_wconf 80' lang='lat' dir='ltr'>mirantur</span> <span class='ocrx_word' id='word_1_36' title='bbox 732 306 861 349; x_wconf 75' lang='lat' dir='ltr'>lulum,</span> 
     </span>
     <span class='ocr_line' id='line_1_7' title="bbox 72 351 945 397; baseline -0.002 -11"><span class='ocrx_word' id='word_1_37' title='bbox 72 353 101 386; x_wconf 87' lang='lat' dir='ltr'>F</span> <span class='ocrx_word' id='word_1_38' title='bbox 102 353 345 397; x_wconf 76' lang='lat' dir='ltr'>lagrantesque</span> <span class='ocrx_word' id='word_1_39' title='bbox 362 353 418 386; x_wconf 88' lang='lat' dir='ltr'>dei</span> <span class='ocrx_word' id='word_1_40' title='bbox 434 353 562 395; x_wconf 80' lang='lat' dir='ltr'>vultus,</span> <span class='ocrx_word' id='word_1_41' title='bbox 581 352 814 395; x_wconf 75' lang='lat' dir='ltr'>simulataque</span> <span class='ocrx_word' id='word_1_42' title='bbox 832 351 945 394; x_wconf 71' lang='lat' dir='ltr'>verba,</span> 
     </span>
     <span class='ocr_line' id='line_1_8' title="bbox 71 397 970 443; baseline -0.002 -11"><span class='ocrx_word' id='word_1_43' title='bbox 71 398 284 443; x_wconf 82' lang='lat' dir='ltr'>Pallamque,</span> <span class='ocrx_word' id='word_1_44' title='bbox 302 404 337 432; x_wconf 91' lang='lat' dir='ltr'>et</span> <span class='ocrx_word' id='word_1_45' title='bbox 354 399 488 442; x_wconf 87' lang='lat' dir='ltr'>pictum</span> <span class='ocrx_word' id='word_1_46' title='bbox 505 409 621 432; x_wconf 89' lang='lat' dir='ltr'>croceo</span> <span class='ocrx_word' id='word_1_47' title='bbox 638 398 795 431; x_wconf 74' lang='lat' dir='ltr'>velamen</span> <span class='ocrx_word' id='word_1_48' title='bbox 812 397 970 431; x_wconf 81' lang='lat' dir='ltr'>acantho.</span> 
     </span>
     <span class='ocr_line' id='line_1_9' title="bbox 71 443 807 489; baseline -0.003 -11"><span class='ocrx_word' id='word_1_49' title='bbox 71 443 252 489; x_wconf 85' lang='lat' dir='ltr'>Praecipue</span> <span class='ocrx_word' id='word_1_50' title='bbox 268 444 401 487; x_wconf 80' lang='lat' dir='ltr'>infelix,</span> <span class='ocrx_word' id='word_1_51' title='bbox 419 444 508 488; x_wconf 89' lang='lat' dir='ltr'>pesti</span> <span class='ocrx_word' id='word_1_52' title='bbox 526 444 650 477; x_wconf 74' lang='lat' dir='ltr'>devota</span> <span class='ocrx_word' id='word_1_53' title='bbox 666 444 807 486; x_wconf 77' lang='lat' dir='ltr'>futurae,</span> 
     </span>
     <span class='ocr_line' id='line_1_10' title="bbox 69 489 911 534; baseline 0 -12"><span class='ocrx_word' id='word_1_54' title='bbox 69 489 213 534; x_wconf 84' lang='lat' dir='ltr'>Expleri</span> <span class='ocrx_word' id='word_1_55' title='bbox 229 494 382 524; x_wconf 79' lang='lat' dir='ltr'>mentem</span> <span class='ocrx_word' id='word_1_56' title='bbox 397 490 529 534; x_wconf 81' lang='lat' dir='ltr'>nequit,</span> <span class='ocrx_word' id='word_1_57' title='bbox 547 490 764 532; x_wconf 80' lang='lat' dir='ltr'>ardescitque</span> <span class='ocrx_word' id='word_1_58' title='bbox 781 489 911 522; x_wconf 84' lang='lat' dir='ltr'>tuendo</span> 
     </span>
     <span class='ocr_line' id='line_1_11' title="bbox 69 534 950 580; baseline 0 -12"><span class='ocrx_word' id='word_1_59' title='bbox 69 534 259 579; x_wconf 82' lang='lat' dir='ltr'>Phoenissa,</span> <span class='ocrx_word' id='word_1_60' title='bbox 277 540 312 570; x_wconf 85' lang='lat' dir='ltr'>et</span> <span class='ocrx_word' id='word_1_61' title='bbox 329 535 458 580; x_wconf 84' lang='lat' dir='ltr'>pariter</span> <span class='ocrx_word' id='word_1_62' title='bbox 475 547 582 579; x_wconf 87' lang='lat' dir='ltr'>puero</span> <span class='ocrx_word' id='word_1_63' title='bbox 599 535 766 579; x_wconf 87' lang='lat' dir='ltr'>donisque</span> <span class='ocrx_word' id='word_1_64' title='bbox 782 541 950 568; x_wconf 71' lang='lat' dir='ltr'>movetur.</span> 
     </span>
     <span class='ocr_line' id='line_1_12' title="bbox 69 580 916 626; baseline 0 -13"><span class='ocrx_word' id='word_1_65' title='bbox 69 580 134 614; x_wconf 80' lang='lat' dir='ltr'>Ille</span> <span class='ocrx_word' id='word_1_66' title='bbox 151 582 211 614; x_wconf 91' lang='lat' dir='ltr'>ubi</span> <span class='ocrx_word' id='word_1_67' title='bbox 228 582 412 626; x_wconf 81' lang='lat' dir='ltr'>complexu</span> <span class='ocrx_word' id='word_1_68' title='bbox 428 581 548 614; x_wconf 85' lang='lat' dir='ltr'>AEneae</span> <span class='ocrx_word' id='word_1_69' title='bbox 567 581 723 624; x_wconf 86' lang='lat' dir='ltr'>colloque</span> <span class='ocrx_word' id='word_1_70' title='bbox 740 581 916 625; x_wconf 82' lang='lat' dir='ltr'>pependit,</span> 
     </span>
     <span class='ocr_line' id='line_1_13' title="bbox 66 626 927 670; baseline -0.001 -10"><span class='ocrx_word' id='word_1_71' title='bbox 66 626 113 660; x_wconf 81' lang='lat' dir='ltr'>Et</span> <span class='ocrx_word' id='word_1_72' title='bbox 130 638 298 670; x_wconf 74' lang='lat' dir='ltr'>magnum</span> <span class='ocrx_word' id='word_1_73' title='bbox 314 627 393 660; x_wconf 76' lang='lat' dir='ltr'>salsi</span> <span class='ocrx_word' id='word_1_74' title='bbox 410 627 569 670; x_wconf 71' lang='lat' dir='ltr'>implevit</span> <span class='ocrx_word' id='word_1_75' title='bbox 586 627 751 670; x_wconf 77' lang='lat' dir='ltr'>genitoris</span> <span class='ocrx_word' id='word_1_76' title='bbox 769 638 927 669; x_wconf 75' lang='lat' dir='ltr'>amorem,</span> 
     </span>
     <span class='ocr_line' id='line_1_14' title="bbox 67 671 955 717; baseline 0 -13"><span class='ocrx_word' id='word_1_77' title='bbox 67 671 239 716; x_wconf 76' lang='lat' dir='ltr'>Reginam</span> <span class='ocrx_word' id='word_1_78' title='bbox 254 673 353 717; x_wconf 86' lang='lat' dir='ltr'>petit.</span> <span class='ocrx_word' id='word_1_79' title='bbox 402 672 487 706; x_wconf 80' lang='lat' dir='ltr'>Haec</span> <span class='ocrx_word' id='word_1_80' title='bbox 504 673 620 715; x_wconf 70' lang='lat' dir='ltr'>oculis,</span> <span class='ocrx_word' id='word_1_81' title='bbox 638 673 711 705; x_wconf 78' lang='lat' dir='ltr'>haec</span> <span class='ocrx_word' id='word_1_82' title='bbox 728 681 865 716; x_wconf 86' lang='lat' dir='ltr'>pectore</span> <span class='ocrx_word' id='word_1_83' title='bbox 883 676 955 705; x_wconf 84' lang='lat' dir='ltr'>toto</span> 
     </span>
     <span class='ocr_line' id='line_1_15' title="bbox 66 717 982 761; baseline 0 -11"><span class='ocrx_word' id='word_1_84' title='bbox 66 717 186 751; x_wconf 87' lang='lat' dir='ltr'>Haeret</span> <span class='ocrx_word' id='word_1_85' title='bbox 200 731 208 759; x_wconf 91' lang='lat'>;</span> <span class='ocrx_word' id='word_1_86' title='bbox 233 725 268 752; x_wconf 82' lang='lat' dir='ltr'>et</span> <span class='ocrx_word' id='word_1_87' title='bbox 284 718 460 751; x_wconf 85' lang='lat' dir='ltr'>interdum</span> <span class='ocrx_word' id='word_1_88' title='bbox 477 719 607 761; x_wconf 82' lang='lat' dir='ltr'>gremio</span> <span class='ocrx_word' id='word_1_89' title='bbox 624 718 719 751; x_wconf 74' lang='lat' dir='ltr'>fovet</span> <span class='ocrx_word' id='word_1_90' title='bbox 733 731 741 759; x_wconf 90' lang='lat'>;</span> <span class='ocrx_word' id='word_1_91' title='bbox 766 718 875 751; x_wconf 82' lang='lat' dir='ltr'>inscia</span> <span class='ocrx_word' id='word_1_92' title='bbox 891 718 982 750; x_wconf 84' lang='lat' dir='ltr'>Dido</span> 
     </span>
     <span class='ocr_line' id='line_1_16' title="bbox 65 763 942 808; baseline 0 -13"><span class='ocrx_word' id='word_1_93' title='bbox 65 763 201 797; x_wconf 85' lang='lat' dir='ltr'>Insidat</span> <span class='ocrx_word' id='word_1_94' title='bbox 219 769 370 808; x_wconf 82' lang='lat' dir='ltr'>quantus</span> <span class='ocrx_word' id='word_1_95' title='bbox 386 764 520 796; x_wconf 82' lang='lat' dir='ltr'>miserae</span> <span class='ocrx_word' id='word_1_96' title='bbox 537 764 621 797; x_wconf 88' lang='lat' dir='ltr'>deus</span> <span class='ocrx_word' id='word_1_97' title='bbox 637 765 643 797; x_wconf 88' lang='lat'>!</span> <span class='ocrx_word' id='word_1_98' title='bbox 670 764 719 797; x_wconf 89' lang='lat' dir='ltr'>At</span> <span class='ocrx_word' id='word_1_99' title='bbox 735 775 866 796; x_wconf 85' lang='lat' dir='ltr'>memor</span> <span class='ocrx_word' id='word_1_100' title='bbox 883 763 942 796; x_wconf 80' lang='lat' dir='ltr'>iile</span> 
     </span>
     <span class='ocr_line' id='line_1_17' title="bbox 64 808 916 852; baseline -0.001 -10"><span class='ocrx_word' id='word_1_101' title='bbox 64 808 190 842; x_wconf 84' lang='lat' dir='ltr'>Matris</span> <span class='ocrx_word' id='word_1_102' title='bbox 207 810 376 842; x_wconf 79' lang='lat' dir='ltr'>Acidaliae</span> <span class='ocrx_word' id='word_1_103' title='bbox 392 809 566 852; x_wconf 82' lang='lat' dir='ltr'>paulatim</span> <span class='ocrx_word' id='word_1_104' title='bbox 582 809 716 842; x_wconf 82' lang='lat' dir='ltr'>abolere</span> <span class='ocrx_word' id='word_1_105' title='bbox 734 809 916 852; x_wconf 64' lang='lat' dir='ltr'>Sychaeum</span> 
     </span>
     <span class='ocr_line' id='line_1_18' title="bbox 64 853 839 899; baseline 0 -12"><span class='ocrx_word' id='word_1_106' title='bbox 64 853 205 899; x_wconf 87' lang='lat' dir='ltr'>Incipit,</span> <span class='ocrx_word' id='word_1_107' title='bbox 223 859 258 888; x_wconf 91' lang='lat' dir='ltr'>et</span> <span class='ocrx_word' id='word_1_108' title='bbox 275 855 354 888; x_wconf 72' lang='lat' dir='ltr'>vivo</span> <span class='ocrx_word' id='word_1_109' title='bbox 371 859 487 888; x_wconf 81' lang='lat' dir='ltr'>tentat</span> <span class='ocrx_word' id='word_1_110' title='bbox 503 859 707 899; x_wconf 80' lang='lat' dir='ltr'>praevertere</span> <span class='ocrx_word' id='word_1_111' title='bbox 725 866 839 888; x_wconf 84' lang='lat' dir='ltr'>amore</span> 
     </span>
     <span class='ocr_line' id='line_1_19' title="bbox 63 899 950 944; baseline 0 -11"><span class='ocrx_word' id='word_1_112' title='bbox 63 899 90 933; x_wconf 84' lang='lat' dir='ltr'><strong>J</strong></span> <span class='ocrx_word' id='word_1_113' title='bbox 91 911 147 933; x_wconf 84' lang='lat' dir='ltr'>am</span> <span class='ocrx_word' id='word_1_114' title='bbox 163 900 299 944; x_wconf 87' lang='lat' dir='ltr'>pridem</span> <span class='ocrx_word' id='word_1_115' title='bbox 316 900 444 933; x_wconf 84' lang='lat' dir='ltr'>resides</span> <span class='ocrx_word' id='word_1_116' title='bbox 461 901 593 933; x_wconf 85' lang='lat' dir='ltr'>animos</span> <span class='ocrx_word' id='word_1_117' title='bbox 611 900 822 944; x_wconf 73' lang='lat' dir='ltr'>desuetaque</span> <span class='ocrx_word' id='word_1_118' title='bbox 839 900 950 934; x_wconf 87' lang='lat' dir='ltr'>corda.</span> 
     </span>
     <span class='ocr_line' id='line_1_20' title="bbox 109 945 1057 990; baseline 0 -11"><span class='ocrx_word' id='word_1_119' title='bbox 109 945 298 990; x_wconf 82' lang='lat' dir='ltr'>Postquam</span> <span class='ocrx_word' id='word_1_120' title='bbox 314 946 427 990; x_wconf 85' lang='lat' dir='ltr'>prima</span> <span class='ocrx_word' id='word_1_121' title='bbox 444 946 539 990; x_wconf 88' lang='lat' dir='ltr'>quies</span> <span class='ocrx_word' id='word_1_122' title='bbox 557 946 677 990; x_wconf 85' lang='lat' dir='ltr'>epulis,</span> <span class='ocrx_word' id='word_1_123' title='bbox 695 957 891 990; x_wconf 67' lang='lat' dir='ltr'>mensaeque</span> <span class='ocrx_word' id='word_1_124' title='bbox 908 949 1057 989; x_wconf 76' lang='lat' dir='ltr'>remotae,</span> 
     </span>
     <span class='ocr_line' id='line_1_21' title="bbox 62 990 910 1036; baseline 0 -12"><span class='ocrx_word' id='word_1_125' title='bbox 62 990 219 1024; x_wconf 80' lang='lat' dir='ltr'>Crateras</span> <span class='ocrx_word' id='word_1_126' title='bbox 235 1003 378 1036; x_wconf 79' lang='lat' dir='ltr'>magnos</span> <span class='ocrx_word' id='word_1_127' title='bbox 396 996 567 1035; x_wconf 86' lang='lat' dir='ltr'>statuunt,</span> <span class='ocrx_word' id='word_1_128' title='bbox 586 997 621 1026; x_wconf 84' lang='lat' dir='ltr'>et</span> <span class='ocrx_word' id='word_1_129' title='bbox 637 993 720 1026; x_wconf 82' lang='lat' dir='ltr'>vina</span> <span class='ocrx_word' id='word_1_130' title='bbox 738 996 910 1025; x_wconf 77' lang='lat' dir='ltr'>coronant.</span> 
     </span>
     <span class='ocr_line' id='line_1_22' title="bbox 60 1035 1026 1082; baseline 0.002 -13"><span class='ocrx_word' id='word_1_131' title='bbox 60 1035 89 1069; x_wconf 88' lang='lat' dir='ltr'>F</span> <span class='ocrx_word' id='word_1_132' title='bbox 90 1037 120 1070; x_wconf 87' lang='lat' dir='ltr'>it</span> <span class='ocrx_word' id='word_1_133' title='bbox 137 1037 303 1081; x_wconf 81' lang='lat' dir='ltr'>strepitus</span> <span class='ocrx_word' id='word_1_134' title='bbox 319 1038 431 1080; x_wconf 83' lang='lat' dir='ltr'>tectis,</span> <span class='ocrx_word' id='word_1_135' title='bbox 450 1049 637 1081; x_wconf 80' lang='lat' dir='ltr'>vocemque</span> <span class='ocrx_word' id='word_1_136' title='bbox 654 1050 715 1082; x_wconf 89' lang='lat' dir='ltr'>per</span> <span class='ocrx_word' id='word_1_137' title='bbox 731 1038 848 1082; x_wconf 76' lang='lat' dir='ltr'>ampla</span> <span class='ocrx_word' id='word_1_138' title='bbox 865 1038 1026 1071; x_wconf 73' lang='lat' dir='ltr'>volutant</span> 
     </span>
     <span class='ocr_line' id='line_1_23' title="bbox 59 1081 910 1127; baseline 0.002 -12"><span class='ocrx_word' id='word_1_139' title='bbox 59 1081 161 1116; x_wconf 87' lang='lat' dir='ltr'>Atria</span> <span class='ocrx_word' id='word_1_140' title='bbox 175 1095 184 1124; x_wconf 91' lang='lat'>;</span> <span class='ocrx_word' id='word_1_141' title='bbox 209 1083 406 1127; x_wconf 87' lang='lat' dir='ltr'>dependent</span> <span class='ocrx_word' id='word_1_142' title='bbox 423 1083 543 1127; x_wconf 78' lang='lat' dir='ltr'>lychni</span> <span class='ocrx_word' id='word_1_143' title='bbox 559 1083 780 1127; x_wconf 80' lang='lat' dir='ltr'>laquearibus</span> <span class='ocrx_word' id='word_1_144' title='bbox 797 1084 910 1117; x_wconf 82' lang='lat' dir='ltr'>aureis</span> 
     </span>
     <span class='ocr_line' id='line_1_24' title="bbox 60 1127 905 1171; baseline 0.001 -10"><span class='ocrx_word' id='word_1_145' title='bbox 60 1127 208 1171; x_wconf 87' lang='lat' dir='ltr'>Incensi,</span> <span class='ocrx_word' id='word_1_146' title='bbox 227 1133 262 1162; x_wconf 88' lang='lat' dir='ltr'>et</span> <span class='ocrx_word' id='word_1_147' title='bbox 278 1134 415 1162; x_wconf 88' lang='lat' dir='ltr'>noctem</span> <span class='ocrx_word' id='word_1_148' title='bbox 431 1129 580 1162; x_wconf 86' lang='lat' dir='ltr'>flammis</span> <span class='ocrx_word' id='word_1_149' title='bbox 597 1130 731 1163; x_wconf 82' lang='lat' dir='ltr'>funalia</span> <span class='ocrx_word' id='word_1_150' title='bbox 748 1130 905 1163; x_wconf 76' lang='lat' dir='ltr'>vincunt.</span> 
     </span>
     <span class='ocr_line' id='line_1_25' title="bbox 59 1172 927 1220; baseline 0.002 -14"><span class='ocrx_word' id='word_1_151' title='bbox 59 1172 128 1207; x_wconf 91' lang='lat' dir='ltr'>Hic</span> <span class='ocrx_word' id='word_1_152' title='bbox 145 1175 266 1217; x_wconf 82' lang='lat' dir='ltr'>regina</span> <span class='ocrx_word' id='word_1_153' title='bbox 283 1186 424 1218; x_wconf 79' lang='lat' dir='ltr'>gravem</span> <span class='ocrx_word' id='word_1_154' title='bbox 441 1175 585 1218; x_wconf 79' lang='lat' dir='ltr'>gemmis</span> <span class='ocrx_word' id='word_1_155' title='bbox 603 1187 754 1220; x_wconf 79' lang='lat' dir='ltr'>auroque</span> <span class='ocrx_word' id='word_1_156' title='bbox 771 1175 927 1219; x_wconf 81' lang='lat' dir='ltr'>poposcit</span> 
     </span>
     <span class='ocr_line' id='line_1_26' title="bbox 59 1218 1030 1265; baseline 0.003 -14"><span class='ocrx_word' id='word_1_157' title='bbox 59 1218 296 1263; x_wconf 82' lang='lat' dir='ltr'>Implevitque</span> <span class='ocrx_word' id='word_1_158' title='bbox 312 1232 406 1254; x_wconf 87' lang='lat' dir='ltr'>mero</span> <span class='ocrx_word' id='word_1_159' title='bbox 423 1225 590 1264; x_wconf 79' lang='lat' dir='ltr'>pateram,</span> <span class='ocrx_word' id='word_1_160' title='bbox 607 1233 712 1265; x_wconf 81' lang='lat' dir='ltr'>quam</span> <span class='ocrx_word' id='word_1_161' title='bbox 729 1221 843 1264; x_wconf 89' lang='lat' dir='ltr'>Belus,</span> <span class='ocrx_word' id='word_1_162' title='bbox 854 1226 897 1254; x_wconf 83' lang='lat' dir='ltr'>et</span> <span class='ocrx_word' id='word_1_163' title='bbox 914 1231 1030 1254; x_wconf 87' lang='lat' dir='ltr'>omnes</span> 
     </span>
     <span class='ocr_line' id='line_1_27' title="bbox 56 1263 831 1306; baseline 0.005 -10"><span class='ocrx_word' id='word_1_164' title='bbox 56 1263 88 1296; x_wconf 93' lang='lat' dir='ltr'>A</span> <span class='ocrx_word' id='word_1_165' title='bbox 105 1264 190 1298; x_wconf 91' lang='lat' dir='ltr'>Belo</span> <span class='ocrx_word' id='word_1_166' title='bbox 207 1265 300 1298; x_wconf 88' lang='lat' dir='ltr'>soliti</span> <span class='ocrx_word' id='word_1_167' title='bbox 314 1278 323 1306; x_wconf 92' lang='lat'>;</span> <span class='ocrx_word' id='word_1_168' title='bbox 348 1271 424 1299; x_wconf 84' lang='lat' dir='ltr'>tum</span> <span class='ocrx_word' id='word_1_169' title='bbox 441 1267 536 1299; x_wconf 81' lang='lat' dir='ltr'>facta</span> <span class='ocrx_word' id='word_1_170' title='bbox 553 1267 692 1300; x_wconf 79' lang='lat' dir='ltr'>silentia</span> <span class='ocrx_word' id='word_1_171' title='bbox 708 1267 810 1300; x_wconf 82' lang='lat' dir='ltr'>tectis</span> <span class='ocrx_word' id='word_1_172' title='bbox 825 1278 831 1300; x_wconf 95' lang='lat'>:</span> 
     </span>
     <span class='ocr_line' id='line_1_28' title="bbox 58 1308 1009 1354; baseline -0.001 -11"><span class='ocrx_word' id='word_1_173' title='bbox 58 1308 113 1342; x_wconf 86' lang='lat' dir='ltr'>“J</span> <span class='ocrx_word' id='word_1_174' title='bbox 113 1310 238 1354; x_wconf 83' lang='lat' dir='ltr'>upiter,</span> <span class='ocrx_word' id='word_1_175' title='bbox 256 1309 450 1353; x_wconf 71' lang='lat' dir='ltr'>hospitibus</span> <span class='ocrx_word' id='word_1_176' title='bbox 466 1321 548 1344; x_wconf 86' lang='lat' dir='ltr'>nam</span> <span class='ocrx_word' id='word_1_177' title='bbox 565 1314 601 1343; x_wconf 82' lang='lat' dir='ltr'>te</span> <span class='ocrx_word' id='word_1_178' title='bbox 618 1311 699 1343; x_wconf 73' lang='lat' dir='ltr'>dare</span> <span class='ocrx_word' id='word_1_179' title='bbox 712 1312 793 1354; x_wconf 82' lang='lat' dir='ltr'>jura</span> <span class='ocrx_word' id='word_1_180' title='bbox 810 1311 1009 1354; x_wconf 86' lang='lat' dir='ltr'>loquuntur,</span> 
     </span>
     <span class='ocr_line' id='line_1_29' title="bbox 56 1352 973 1399; baseline 0.001 -13"><span class='ocrx_word' id='word_1_181' title='bbox 56 1352 163 1387; x_wconf 91' lang='lat' dir='ltr'>Hunc</span> <span class='ocrx_word' id='word_1_182' title='bbox 180 1354 301 1387; x_wconf 78' lang='lat' dir='ltr'>laetum</span> <span class='ocrx_word' id='word_1_183' title='bbox 318 1354 499 1398; x_wconf 82' lang='lat' dir='ltr'>Tyriisque</span> <span class='ocrx_word' id='word_1_184' title='bbox 516 1355 608 1388; x_wconf 88' lang='lat' dir='ltr'>diem</span> <span class='ocrx_word' id='word_1_185' title='bbox 626 1355 793 1399; x_wconf 75' lang='lat' dir='ltr'>Trojaque</span> <span class='ocrx_word' id='word_1_186' title='bbox 811 1355 973 1399; x_wconf 83' lang='lat' dir='ltr'>profectis</span> 
     </span>
     <span class='ocr_line' id='line_1_30' title="bbox 54 1397 978 1444; baseline 0.003 -13"><span class='ocrx_word' id='word_1_187' title='bbox 54 1397 138 1432; x_wconf 86' lang='lat' dir='ltr'>Esse</span> <span class='ocrx_word' id='word_1_188' title='bbox 154 1399 250 1442; x_wconf 85' lang='lat' dir='ltr'>velis,</span> <span class='ocrx_word' id='word_1_189' title='bbox 268 1404 469 1443; x_wconf 82' lang='lat' dir='ltr'>nostrosque</span> <span class='ocrx_word' id='word_1_190' title='bbox 485 1400 591 1444; x_wconf 87' lang='lat' dir='ltr'>hujus</span> <span class='ocrx_word' id='word_1_191' title='bbox 607 1401 804 1434; x_wconf 83' lang='lat' dir='ltr'>meminisse</span> <span class='ocrx_word' id='word_1_192' title='bbox 821 1401 978 1434; x_wconf 69' lang='lat' dir='ltr'>minores</span> 
     </span>
     <span class='ocr_line' id='line_1_31' title="bbox 53 1444 888 1489; baseline 0.002 -12"><span class='ocrx_word' id='word_1_193' title='bbox 53 1444 157 1478; x_wconf 85' lang='lat' dir='ltr'>Adsit</span> <span class='ocrx_word' id='word_1_194' title='bbox 173 1444 306 1478; x_wconf 77' lang='lat' dir='ltr'>laetitiae</span> <span class='ocrx_word' id='word_1_195' title='bbox 323 1445 482 1479; x_wconf 85' lang='lat' dir='ltr'>Bacchus</span> <span class='ocrx_word' id='word_1_196' title='bbox 500 1446 608 1489; x_wconf 87' lang='lat' dir='ltr'>dator,</span> <span class='ocrx_word' id='word_1_197' title='bbox 626 1450 661 1479; x_wconf 88' lang='lat' dir='ltr'>et</span> <span class='ocrx_word' id='word_1_198' title='bbox 677 1446 766 1479; x_wconf 76' lang='lat' dir='ltr'>bona</span> <span class='ocrx_word' id='word_1_199' title='bbox 783 1446 807 1480; x_wconf 78' lang='lat' dir='ltr'><strong>J</strong></span> <span class='ocrx_word' id='word_1_200' title='bbox 811 1458 888 1479; x_wconf 89' lang='lat' dir='ltr'>uno.</span> 
     </span>
     <span class='ocr_line' id='line_1_32' title="bbox 52 1488 900 1535; baseline 0.002 -12"><span class='ocrx_word' id='word_1_201' title='bbox 52 1488 100 1523; x_wconf 91' lang='lat' dir='ltr'>Et</span> <span class='ocrx_word' id='word_1_202' title='bbox 117 1501 186 1534; x_wconf 86' lang='lat' dir='ltr'>vos,</span> <span class='ocrx_word' id='word_1_203' title='bbox 203 1502 231 1534; x_wconf 92' lang='lat' dir='ltr'>o,</span> <span class='ocrx_word' id='word_1_204' title='bbox 250 1495 387 1535; x_wconf 83' lang='lat' dir='ltr'>coetum,</span> <span class='ocrx_word' id='word_1_205' title='bbox 405 1491 511 1535; x_wconf 79' lang='lat' dir='ltr'>Tyrii,</span> <span class='ocrx_word' id='word_1_206' title='bbox 529 1492 699 1525; x_wconf 82' lang='lat' dir='ltr'>celebrate</span> <span class='ocrx_word' id='word_1_207' title='bbox 715 1491 900 1525; x_wconf 56' lang='lat' dir='ltr'>faventes?</span> 
     </span>
     <span class='ocr_line' id='line_1_33' title="bbox 51 1534 937 1581; baseline 0.002 -13"><span class='ocrx_word' id='word_1_208' title='bbox 51 1534 164 1579; x_wconf 81' lang='lat' dir='ltr'>Dixit,</span> <span class='ocrx_word' id='word_1_209' title='bbox 182 1540 218 1570; x_wconf 88' lang='lat' dir='ltr'>et</span> <span class='ocrx_word' id='word_1_210' title='bbox 234 1537 270 1569; x_wconf 90' lang='lat' dir='ltr'>in</span> <span class='ocrx_word' id='word_1_211' title='bbox 287 1548 443 1570; x_wconf 83' lang='lat' dir='ltr'>mensam</span> <span class='ocrx_word' id='word_1_212' title='bbox 460 1538 606 1570; x_wconf 84' lang='lat' dir='ltr'>laticum</span> <span class='ocrx_word' id='word_1_213' title='bbox 622 1537 746 1571; x_wconf 83' lang='lat' dir='ltr'>libavit</span> <span class='ocrx_word' id='word_1_214' title='bbox 763 1538 937 1581; x_wconf 86' lang='lat' dir='ltr'>honorem,</span> 
     </span>
     <span class='ocr_line' id='line_1_34' title="bbox 52 1579 890 1626; baseline 0.004 -13"><span class='ocrx_word' id='word_1_215' title='bbox 52 1579 250 1626; x_wconf 79' lang='lat' dir='ltr'>Primaque,</span> <span class='ocrx_word' id='word_1_216' title='bbox 266 1582 385 1625; x_wconf 87' lang='lat' dir='ltr'>libato,</span> <span class='ocrx_word' id='word_1_217' title='bbox 403 1594 536 1616; x_wconf 83' lang='lat' dir='ltr'>summo</span> <span class='ocrx_word' id='word_1_218' title='bbox 553 1587 655 1616; x_wconf 85' lang='lat' dir='ltr'>tenus</span> <span class='ocrx_word' id='word_1_219' title='bbox 672 1583 793 1626; x_wconf 83' lang='lat' dir='ltr'>attigit</span> <span class='ocrx_word' id='word_1_220' title='bbox 811 1595 867 1616; x_wconf 86' lang='lat' dir='ltr'>ore</span> <span class='ocrx_word' id='word_1_221' title='bbox 881 1596 890 1624; x_wconf 81' lang='lat'>3</span> 
     </span>
     <span class='ocr_line' id='line_1_35' title="bbox 52 1625 1013 1673; baseline 0.002 -14"><span class='ocrx_word' id='word_1_222' title='bbox 52 1625 142 1659; x_wconf 73' lang='lat' dir='ltr'>Tum</span> <span class='ocrx_word' id='word_1_223' title='bbox 159 1627 261 1661; x_wconf 82' lang='lat' dir='ltr'>Bitiae</span> <span class='ocrx_word' id='word_1_224' title='bbox 279 1628 376 1661; x_wconf 84' lang='lat' dir='ltr'>dedit</span> <span class='ocrx_word' id='word_1_225' title='bbox 392 1628 607 1673; x_wconf 82' lang='lat' dir='ltr'>increpita-ns</span> <span class='ocrx_word' id='word_1_226' title='bbox 621 1640 628 1662; x_wconf 91' lang='lat'><strong>:</strong></span> <span class='ocrx_word' id='word_1_227' title='bbox 653 1629 713 1662; x_wconf 83' lang='lat' dir='ltr'>ine</span> <span class='ocrx_word' id='word_1_228' title='bbox 729 1629 878 1673; x_wconf 85' lang='lat' dir='ltr'>impiger</span> <span class='ocrx_word' id='word_1_229' title='bbox 893 1628 1013 1662; x_wconf 82' lang='lat' dir='ltr'>hausit</span> 
     </span>
     <span class='ocr_line' id='line_1_36' title="bbox 51 1671 963 1718; baseline 0.003 -13"><span class='ocrx_word' id='word_1_230' title='bbox 51 1671 281 1716; x_wconf 82' lang='lat' dir='ltr'>Spumantem</span> <span class='ocrx_word' id='word_1_231' title='bbox 297 1678 463 1718; x_wconf 85' lang='lat' dir='ltr'>pateram,</span> <span class='ocrx_word' id='word_1_232' title='bbox 482 1679 517 1707; x_wconf 93' lang='lat' dir='ltr'>et</span> <span class='ocrx_word' id='word_1_233' title='bbox 534 1675 636 1718; x_wconf 89' lang='lat' dir='ltr'>pleno</span> <span class='ocrx_word' id='word_1_234' title='bbox 656 1686 691 1708; x_wconf 89' lang='lat' dir='ltr'>se</span> <span class='ocrx_word' id='word_1_235' title='bbox 707 1675 838 1718; x_wconf 87' lang='lat' dir='ltr'>proluit</span> <span class='ocrx_word' id='word_1_236' title='bbox 856 1686 939 1708; x_wconf 84' lang='lat' dir='ltr'>auro</span> <span class='ocrx_word' id='word_1_237' title='bbox 954 1687 963 1716; x_wconf 68' lang='grc' dir='ltr'><strong><em>ς</em></strong></span> 
     </span>
     <span class='ocr_line' id='line_1_37' title="bbox 53 1717 870 1765; baseline 0.004 -14"><span class='ocrx_word' id='word_1_238' title='bbox 53 1717 136 1752; x_wconf 86' lang='lat' dir='ltr'>Post</span> <span class='ocrx_word' id='word_1_239' title='bbox 152 1718 213 1753; x_wconf 80' lang='lat' dir='ltr'>alii</span> <span class='ocrx_word' id='word_1_240' title='bbox 228 1731 394 1764; x_wconf 85' lang='lat' dir='ltr'>proceres.</span> <span class='ocrx_word' id='word_1_241' title='bbox 445 1720 586 1755; x_wconf 84' lang='lat' dir='ltr'>Cithara</span> <span class='ocrx_word' id='word_1_242' title='bbox 603 1720 748 1755; x_wconf 83' lang='lat' dir='ltr'>crinitus</span> <span class='ocrx_word' id='word_1_243' title='bbox 766 1721 870 1765; x_wconf 87' lang='lat' dir='ltr'>Iopas</span> 
     </span>
    </p>
   </div>
   <div class='ocr_carea' id='block_1_3' title="bbox 1126 57 1192 88">
    <p class='ocr_par' dir='ltr' id='par_1_3' title="bbox 1126 57 1192 88">
     <span class='ocr_line' id='line_1_38' title="bbox 1126 57 1192 88; baseline 0 0"><span class='ocrx_word' id='word_1_244' title='bbox 1126 57 1192 88; x_wconf 87' lang='lat'>109</span> 
     </span>
    </p>
   </div>
   <div class='ocr_carea' id='block_1_4' title="bbox 1122 354 1189 386">
    <p class='ocr_par' dir='ltr' id='par_1_4' title="bbox 1122 354 1189 386">
     <span class='ocr_line' id='line_1_39' title="bbox 1122 354 1189 386; baseline -0.015 -1"><span class='ocrx_word' id='word_1_245' title='bbox 1122 354 1189 386; x_wconf 80' lang='lat'>710</span> 
     </span>
    </p>
   </div>
   <div class='ocr_carea' id='block_1_5' title="bbox 1116 809 1181 842">
    <p class='ocr_par' dir='ltr' id='par_1_5' title="bbox 1116 809 1181 842">
     <span class='ocr_line' id='line_1_40' title="bbox 1116 809 1181 842; baseline -0.015 -1"><span class='ocrx_word' id='word_1_246' title='bbox 1116 809 1181 842; x_wconf 71' lang='lat'>720</span> 
     </span>
    </p>
   </div>
   <div class='ocr_carea' id='block_1_6' title="bbox 1111 1266 1176 1299">
    <p class='ocr_par' dir='ltr' id='par_1_6' title="bbox 1111 1266 1176 1299">
     <span class='ocr_line' id='line_1_41' title="bbox 1111 1266 1176 1299; baseline -0.015 0"><span class='ocrx_word' id='word_1_247' title='bbox 1111 1266 1176 1299; x_wconf 83' lang='lat'>730</span> 
     </span>
    </p>
   </div>
   <div class='ocr_carea' id='block_1_7' title="bbox 1103 1719 1169 1754">
    <p class='ocr_par' dir='ltr' id='par_1_7' title="bbox 1103 1719 1169 1754">
     <span class='ocr_line' id='line_1_42' title="bbox 1103 1719 1169 1754; baseline 0 0"><span class='ocrx_word' id='word_1_248' title='bbox 1103 1719 1169 1754; x_wconf 85' lang='lat'>740</span> 
     </span>
    </p>
   </div>
  </div>
 </body>
</html>
