1330 1932
432 13 651 48 AENEIDOS
675 14 762 48 LIB.
789 13 856 48 III.
1135 13 1198 44 143

88 79 180 113 Nate
196 79 286 113 dea?
311 79 443 114 vivisne
456 80 469 113 2
493 85 555 114 aut
572 81 601 114 si
616 82 680 114 lux
697 81 788 115 alma
804 81 953 123 recessit,

89 125 220 158 Hector
234 125 295 158 ubi
312 130 364 160 est
377 126 400 160 2⁵
425 126 526 169 dixit,
543 128 771 171 lacrimasque
788 126 921 166 effudit,
939 129 974 158 et
991 135 1129 158 omnem

88 170 253 214 Implevit
269 170 416 203 clamore
431 171 555 204 locum.
603 171 672 204 Vix
689 182 801 215 pauca
815 171 947 203 furenti

88 215 251 259 Subjicio,
267 220 303 249 et
318 216 404 249 raris
420 216 581 250 turbatus
598 216 739 250 vocibus
755 216 849 249 hisco
863 227 871 250 :

90 262 99 279 ‘
110 262 199 296 Vivo
216 261 387 305 equidem,
404 262 583 306 vitamque
600 266 757 296 extrema
774 272 837 305 per
853 261 970 294 omnia
984 259 1083 295 duco.

87 306 141 340 Ne
157 306 280 340 dubita
293 318 300 339 :
324 317 407 339 nam
422 318 503 340 vera
519 306 623 339 vides.

88 351 171 385 Heu
185 353 191 384 Ξ
218 351 295 395 quis
311 356 346 385 te
363 363 460 385 casus
477 352 647 395 dejectam
663 352 809 395 conjuge
825 355 925 385 tanto

88 397 256 440 Excipit?
281 401 343 430 aut
360 409 437 441 quse
454 397 560 441 digna
577 397 659 430 satis
675 397 817 430 fortuna
832 397 952 430 revisit
966 396 978 430 2

88 441 249 475 Hectoris
266 441 506 474 Andromache
522 440 684 484 Pyrrhin’
703 441 876 474 connubia
893 452 1006 474 servas
1021 439 1043 473 3²

87 487 223 530 Dejecit
239 487 388 528 vultum,
405 490 441 520 et
457 486 605 520 demissa
622 498 704 520 voce
721 487 839 520 locuta
855 491 907 520 est
923 499 930 520 :
1140 486 1207 518 320

88 533 97 549 ‘
111 533 139 565 Ο
156 532 243 565 felix
260 543 332 566 una
347 537 431 566 ante
447 532 533 565 alias
551 532 726 565 Priameia
743 534 851 575 virgo,

91 577 265 610 Hostilem
280 577 325 609 ad
341 576 519 609 tumulum
535 577 645 620 Trojae
662 575 726 608 sub
741 574 914 608 moenibus
930 574 1012 609 altis

91 623 118 656 J
118 634 198 656 ussa
213 622 310 664 mori,
328 633 405 665 quae
423 622 565 655 sortitus
581 633 652 655 non
668 621 815 665 pertulit
831 620 930 664 ullos,

91 668 126 701 N
127 679 165 701 ec
182 668 320 701 victoris
337 667 413 700 heri
428 667 548 710 tetigit
565 667 704 711 captiva
721 666 835 700 cubile
849 668 856 700 Ξ

92 714 173 756 Nos,
190 713 305 757 patria
321 713 470 755 incensa,
489 713 624 746 diversa
640 724 702 756 per
718 723 856 756 aequora
872 715 991 755 vectae,

93 759 219 803 Stirpis
235 758 402 791 Achifleae
420 758 531 790 fastus
543 759 778 801 juvenemque
796 757 992 801 superbum,

93 804 239 838 Servitio
257 804 378 847 enixae,
397 803 541 836 tulimus
555 815 564 843 ;
589 803 651 847 qui
667 803 801 846 deinde,
819 807 958 836 secutus

93 850 254 883 Ledaeam
271 849 496 882 Hermionem
513 848 859 892 Lacedaemoniosque
875 848 1082 892 hymenaeos,

93 895 152 929 Me
168 895 300 928 famulo
317 894 554 938 famulamque
572 894 706 928 Heleno
723 894 917 927 transmisit
933 894 1138 927 habendam.

93 941 159 974 Ast
175 941 287 984 illum,
304 944 430 984 ereptae
447 951 574 983 magno
590 940 827 973 infiammatus
843 951 958 973 amore
1140 941 1209 973 330

96 986 270 1030 Conjugis,
287 990 322 1019 et
339 986 507 1019 scelerum
524 986 638 1019 Furiis
655 986 820 1029 agitatus,
838 985 974 1018 Orestes

95 1032 238 1076 Excipit
254 1032 446 1074 incautum,
463 1031 663 1075 patriasque
680 1031 865 1064 obtruncat
881 1031 926 1064 ad
943 1042 1028 1065 aras.

95 1078 210 1111 Morte
226 1077 445 1121 Neoptolemi
459 1088 646 1120 regnorum
661 1077 798 1110 reddita
816 1077 918 1110 cessit

96 1123 180 1157 Pars
197 1123 342 1166 Heleno,
360 1123 420 1167 qui
437 1123 605 1156 Chaonios
622 1123 825 1166 cognomine
842 1134 989 1167 campos,

97 1169 354 1212 Chaoniamque
371 1180 508 1202 omnem
524 1169 670 1212 Trojano
687 1180 708 1201 a
726 1168 863 1202 Chaone
880 1169 982 1210 dixit,

98 1214 335 1258 Pergamaque
353 1214 566 1257 Iliacamque
577 1215 674 1257 jugis
690 1214 781 1247 hanc
798 1214 934 1247 addidit
951 1225 1074 1248 arcem.

98 1260 165 1294 Sed
182 1259 247 1292 tibi
264 1260 324 1303 qui
341 1271 480 1292 cursum
496 1259 602 1302 venti,
620 1270 698 1302 quse
714 1259 790 1292 fata
806 1259 929 1292 dedere
943 1259 956 1292 ’.ἱ

97 1306 171 1338 Aut
188 1305 349 1349 quisnam
359 1305 526 1348 -ignarum
542 1305 668 1338 nostris
685 1304 769 1338 deus
785 1304 923 1348 appulit
940 1305 1006 1338 oris
1020 1304 1032 1339 2

99 1351 192 1392 Quid
209 1362 295 1395 puer
312 1350 481 1383 Ascanius
495 1350 507 1384 2
556 1350 759 1394 Superatne,
777 1354 812 1383 et
829 1351 978 1384 vescitur
993 1350 1104 1385 aura?

99 1397 210 1437 Quem
227 1396 292 1430 tibi
303 1398 379 1440 jam
395 1396 543 1439 Troja—
1145 1399 1213 1430 340

98 1442 220 1486 Ecqua
235 1446 354 1475 tamen
371 1453 477 1486 puero
494 1446 546 1475 est
563 1441 696 1475 amissae
713 1453 796 1475 cura
811 1441 992 1486 parentis?

98 1487 236 1530 Ecquid
252 1488 290 1521 in
306 1488 489 1531 antiquam
505 1488 672 1521 virtutem
688 1487 889 1531 animosque
905 1487 1021 1521 viriles

101 1535 148 1568 Et
164 1537 265 1579 pater
281 1534 408 1567 AEneas
425 1537 460 1566 et
477 1533 672 1566 avunculus
689 1532 820 1566 excitat
838 1532 969 1566 Hector
983 1532 1006 1566 2’

148 1582 166 1597 “
179 1580 278 1614 Talia
294 1579 466 1612 fundebat
482 1579 676 1621 lacrimans,
694 1577 883 1622 longosque
900 1579 1013 1613 ciebat

100 1624 278 1658 Incassum
294 1624 396 1657 fletus
411 1635 419 1663 ;
445 1633 555 1666 quum
571 1633 642 1655 sese
658 1633 680 1655 a
694 1621 865 1654 moenibus
882 1621 980 1654 heros

100 1670 291 1705 Priamides
307 1669 429 1703 multis
446 1668 602 1702 Helenus
620 1666 865 1702 comitantibus
882 1666 992 1710 affert,
