1345 1927
441 52 680 86 BUCOLICA.
723 52 817 86 ECL.
844 52 905 86 VI.
1186 56 1227 86 15>

106 121 191 154 Hice
208 120 272 154 sub
288 121 389 164 nigra
406 120 575 164 pallentes
591 120 748 153 ruminat
765 119 900 162 herbas,

104 167 179 200 Aut
195 166 350 210 aliquam
362 166 400 198 in
412 177 539 209 magno
554 166 711 209 sequitur
727 177 840 209 grege.
867 165 1037 208 Claudite,
1045 165 1228 210 Nymphae,

103 211 248 245 Dictaeae
264 211 448 255 Nymphae,
464 223 646 244 nemorum
656 212 732 255 jam
749 211 902 244 claudite
920 211 1039 254 saltus,

105 257 142 291 Si
159 269 228 302 qua
245 257 335 290 forte
350 258 466 290 ferant
483 257 592 291 oculis
609 268 680 290 sese
697 256 799 290 obvia
814 257 941 290 nostris

103 302 311 336 Errabunda
326 302 422 336 bovis
439 303 588 346 vestigia
601 315 608 337 :
632 303 780 336 forsitan
796 302 906 345 illum,

104 349 179 382 Aut
194 348 302 382 herba
318 353 461 393 captum
477 349 589 391 viridi,
607 353 670 382 aut
686 352 845 382 armenta
861 352 1029 392 secutum,

105 394 305 428 Perducant
321 395 447 438 aliquae
465 394 602 428 stabula
619 395 664 427 ad
681 394 849 438 Gortynia
865 405 988 428 vaccae.
1186 396 1228 427 60

105 440 195 473 Tum
212 440 308 474 canit
325 440 559 484 Hesperidum
574 441 739 473 miratam
754 440 847 473 mala
864 440 1020 484 puellam
1034 452 1041 474 z

105 486 196 519 Tum
212 486 512 520 Phaethontiadas
527 497 646 519 musco
663 486 856 519 circumdat
873 497 999 519 amarae

107 532 259 574 Corfieis,
276 536 381 576 atque
398 532 468 565 solo
484 543 642 576 proceras
659 531 761 575 erigit
778 531 891 565 alnos:

106 577 196 610 Tum
213 578 318 620 canit,
335 582 509 611 errantem
525 578 694 610 Permessi
710 577 755 611 ad
771 577 918 611 fiumina
936 577 1076 611 Gallum

107 624 222 656 Aonas
237 624 275 656 in
291 628 426 656 montes
443 630 484 656 ut
501 623 641 657 duxerit
657 635 728 656 una
746 635 899 656 sororum
913 636 921 664 ;

107 669 225 712 thue
242 670 315 702 viro
332 669 455 702 Phoebi
472 669 596 702 chorus
613 669 840 702 assurrexerit
857 670 967 702 omnis
980 681 989 710 ;

112 715 157 747 Ut
174 715 283 747 Linus
300 715 375 748 haec
391 715 445 747 illi
461 715 579 748 divino
597 715 749 748 carmine
766 720 891 758 pastor,
917 710 923 717 ¹

108 758 267 792 Floribus
284 764 390 803 atque
407 760 485 802 apio
503 761 614 793 crines
631 765 774 793 ornatus
791 771 917 801 amaro,

107 804 246 838 Dixerit
261 817 268 838 :
290 806 309 822 ‘⁶
321 805 394 837 Hos
412 803 477 837 tibi
490 805 576 838 dant
593 804 751 844 calamos,
768 814 822 843 en,
840 803 966 846 accipe,
984 801 1106 844 Musae,

108 850 244 883 Ascraeo
261 861 346 894 quos
362 853 445 882 ante
462 848 544 890 seni,
562 847 688 891 quibus
705 846 764 879 ille
782 846 913 879 solebat
1186 847 1230 881 70

110 895 290 929 Cantando
306 895 435 939 rigidas
452 894 620 927 deducere
636 891 812 925 montibus
829 890 960 925 ornos.”

110 943 178 976 His
196 941 262 975 tibi
278 941 408 985 Grynei
425 940 573 973 nemoris
591 939 729 972 dicatur
746 938 850 982 origo,

108 989 163 1022 Ne
180 988 256 1032 quis
273 987 318 1020 sit
334 987 444 1028 1110115,
461 997 529 1030 quo
547 997 581 1018 se
597 984 677 1029 plus
688 985 800 1028 jactet
816 983 949 1027 Apollo.

112 1034 204 1075 Quid
221 1034 350 1077 loquar,
368 1038 408 1066 ut
425 1031 578 1075 Scyllam
593 1031 626 1063 1<
627 1030 680 1072 isi,
697 1041 803 1074 quam
819 1030 913 1062 fama
930 1032 1049 1062 secuta
1065 1035 1127 1071 est,

113 1080 268 1113 Candida
285 1079 498 1112 succinctam
514 1076 724 1110 latrantibus
741 1076 887 1119 inguina
903 1075 1066 1108 monstris

111 1125 292 1159 Dulichias
309 1135 450 1157 vexasse
466 1127 568 1165 rates,
585 1128 620 1156 et
637 1122 776 1166 gurgite
792 1122 830 1154 in
847 1121 917 1154 alto

111 1171 186 1205 Ah!
213 1171 353 1204 timidos
369 1174 495 1203 nautas
512 1168 656 1202 canibus
672 1168 837 1201 lacerasse
852 1167 996 1200 marinis
1011 1179 1020 1207 ;

113 1218 186 1250 Aut
202 1221 243 1250 ut
258 1220 412 1249 mutatos
429 1215 527 1248 Terei
543 1214 736 1248 narraverit
752 1218 859 1255 artus,

115 1263 208 1303 Quas
223 1263 277 1295 illi
294 1261 488 1295 Philomela
504 1261 619 1304 dapes,
636 1271 715 1304 quae
732 1260 822 1292 dona
839 1259 980 1303 pararit,

115 1309 190 1349 Quo
207 1320 310 1341 cursu
327 1308 463 1340 deserta
478 1307 652 1351 petiverit,
669 1310 705 1338 et
721 1304 847 1348 quibus
864 1309 947 1337 ante
1190 1305 1236 1338 80

115 1354 245 1387 Infelix
262 1365 324 1387 sua
340 1357 433 1386 tecta
451 1351 752 1396 supervolitaverit
769 1350 832 1383 alis
846 1349 858 1383 2

163 1400 296 1441 Omnia,
314 1396 401 1443 quae,
419 1397 548 1431 Phoebo
565 1396 741 1441 quondam
756 1396 959 1438 meditante,
975 1394 1097 1429 beams

114 1446 239 1480 Audiit
255 1445 412 1487 Eurotas7
425 1444 600 1488 jussitque
616 1443 766 1476 ediscere
781 1441 906 1484 lauros,

117 1492 182 1526 Ille
199 1491 294 1525 canit
308 1503 317 1532 ;
334 1490 444 1535 pulsae
460 1490 617 1523 referunt
634 1488 678 1521 ad
696 1488 808 1521 sidera
824 1487 952 1521 valles:

117 1538 244 1581 Cogere
260 1537 368 1570 donee
385 1547 464 1570 oves
480 1534 625 1568 stabulis
641 1544 896 1577 numerumque
911 1533 1032 1566 resen-i

116 1584 142 1618 J
143 1583 231 1618 ussit
247 1587 283 1617 et
299 1582 410 1616 invito
425 1581 590 1627 processit
607 1580 737 1625 Vesper
754 1579 911 1624 Olympo,
