1345 1927
435 62 700 97 GEORGICON
725 62 813 95 LIB.
839 61 866 95 Ι.
1161 64 1206 95 35

87 128 171 169 Quae
188 128 366 172 vigilanda
382 129 464 162 viris
478 128 490 161 2
515 129 571 162 vel
588 139 697 172 quum
713 129 786 161 ruit
801 128 1017 161 imbriferum
1035 140 1103 171 ver,

86 174 209 217 Spicea
219 175 295 218 jam
312 174 441 218 campis
459 185 567 218 quum
582 174 701 207 messis
717 174 900 216 inhorruit,
919 178 953 207 et
972 185 1080 217 quum

86 219 277 253 Frumenta
292 219 330 252 in
346 220 450 253 viridi
466 219 596 263 stipula
612 219 779 253 lactentia
795 223 939 262 turgent
953 219 965 252 2

85 264 184 308 Saepe
201 276 273 308 ego,
291 276 399 309 quum
414 265 514 298 flavis
530 276 714 298 messorem
729 265 912 298 induceret
929 265 1022 298 arvis

85 309 258 354 Agricola,
275 315 311 344 et
327 311 471 354 fragili'
456 322 532 354 Jam
550 311 735 354 stringeret
751 310 880 343 hordea
896 311 1021 354 culmo,

86 355 212 389 Omnia
227 360 410 389 ventorum
427 368 628 389 concurrere
644 356 766 400 proelia
783 356 878 397 vidi3

86 401 171 442 Quae
188 402 369 445 gravidam
385 402 456 435 late
473 406 623 445 segetem
640 402 682 435 ab
699 401 895 435 radicibus'
885 402 963 434 111115

85 446 241 480 Sublime
259 448 441 491 expulsam
457 452 638 481 eruerent:
663 448 715 480 ita
731 447 871 480 turbine
887 447 987 490 nigro
1137 449 1206 481 320

84 491 205 526 Ferret
220 493 330 526 hiems
347 494 571 537 culmumque
587 494 699 527 levem
717 493 932 537 stipulasque
948 493 1113 526 volantes,

85 537 163 582 Saep
165 550 183 572 e
199 539 305 572 etiam
321 539 529 572 immensum
546 540 630 572 coelo
647 539 743 572 venit
761 550 886 582 agmen
902 549 1080 582 aquarum,

84 583 131 617 Et
147 584 275 618 foedam
291 584 486 628 glomerant
504 589 746 629 tempestatem
763 585 931 617 imbribus
948 585 1032 618 atris

86 629 245 663 Collectae
263 642 305 663 ex
323 630 394 663 alto
411 630 543 671 nubes;
567 631 639 664 ruit
656 631 785 663 arduus
803 631 919 673 aether,

83 674 131 708 Et
148 672 267 719 pIuvia
283 676 418 719 ingenti
436 680 511 709 sata
527 676 609 710 laeta
624 676 797 719 boumque
813 676 945 709 labores

83 719 222 763 Diluit;
245 722 437 774 implentur
453 722 560 764 fossae,
579 726 613 755 et
630 733 714 754 cava
730 721 876 754 flumina
893 724 1052 754 crescunt

85 765 172 799 Cum
189 767 314 810 sonitu,
331 767 512 810 fervetque
529 767 626 800 fretis
645 767 856 810 spirantibus
873 778 997 809 aequor.

85 811 164 855 Ipse
181 812 294 856 Pater,
310 813 425 846 media
441 813 637 845 nimborum
653 813 691 845 in
707 816 819 855 nocte,
836 823 977 845 corusca

84 857 112 891 F
115 858 248 891 ulmina
263 858 407 891 molitur
424 858 548 891 dextra
561 870 568 891 :
594 869 660 902 quo
677 858 831 890 maxima
846 863 946 890 motu

84 903 189 937 Terra
205 904 323 937 tremit
337 917 346 945 ;
370 904 491 947 fugere
507 904 598 946 ferae,
615 908 650 936 et
666 903 827 936 mortalia
845 903 948 936 corda
1136 905 1204 936 330

84 948 151 982 Per
166 953 286 992 gentes
303 949 446 982 humilis
464 950 588 983 stravit
604 961 732 994 pavor:
757 949 816 982 ille
833 948 998 992 flagranti

86 995 158 1028 Aut
175 995 279 1038 Atho,
296 999 359 1028 aut
377 995 576 1039 Rhodopen,
595 1000 657 1029 aut
675 995 748 1028 alta
765 995 935 1028 Ceraunia
951 994 1021 1027 telo

84 1040 213 1084 Dejicit
228 1053 236 1082 3
261 1041 482 1084 ingeminant
499 1041 609 1074 austri
626 1045 661 1074 et
678 1040 901 1074 densissimus
918 1040 1028 1072 imber
1041 1051 1051 1080 ;

83 1085 117 1119 N
119 1098 188 1119 unc
204 1098 344 1120 nemora
360 1087 495 1130 ingenti
513 1092 626 1129 vento,
643 1098 738 1119 nunc
754 1087 858 1119 litora
873 1086 1057 1130 plangunt.

84 1131 161 1165 Hoc
177 1136 345 1175 metuens,
363 1133 440 1166 coeli
455 1145 552 1166 mens
555 1145 589 1166 es
606 1137 641 1165 et
658 1133 770 1166 sidera
787 1143 906 1173 serva,
898 1144 905 1150 ·

83 1177 227 1221 Frigida
244 1178 386 1211 Saturni
403 1190 474 1211 sese
491 1190 559 1222 quo
576 1178 675 1212 stella
693 1182 868 1222 receptet3

86 1223 203 1264 Quos
189 1224 284 1276 1gnis
301 1224 379 1257 coeli
396 1224 573 1267 Cyllenius
590 1224 705 1257 erret'
696 1236 734 1256 m
750 1224 855 1257 orbes.

85 1269 129 1302 In
145 1269 265 1313 primis
282 1281 444 1303 venerare
461 1270 551 1313 deos,
568 1275 674 1313 atque
691 1281 809 1302 annua
825 1279 961 1312 magnae

85 1314 189 1348 Sacra
205 1315 294 1348 refer
312 1315 424 1348 Cereri
440 1315 529 1348 laetis
546 1319 707 1359 operatus
724 1315 762 1347 in
778 1314 903 1356 herbis,

85 1360 259 1394 Extremae
277 1360 340 1393 sub
357 1372 475 1404 easum
491 1361 652 1403 hiemis,'
637 1372 713 1404 jam
729 1371 808 1393 vere
826 1370 952 1393 sereno.
1137 1359 1205 1392 340

85 1406 175 1439 Τ11111
191 1407 338 1450 pingues
355 1407 447 1449 agni,
465 1410 500 1440 et
520 1410 597 1439 tum
614 1406 816 1439 mollissima
832 1406 915 1438 vina
928 1417 937 1446 ;

85 1451 174 1485 Tum
191 1452 301 1485 somni
319 1452 446 1495 dulces,
465 1452 646 1496 densaeque
661 1452 699 1484 in
715 1450 891 1484 montibus
907 1450 1049 1485 umbrae.

87 1497 220 1531 Cuncta
236 1497 302 1530 tibi
320 1498 474 1531 Cererem
491 1498 598 1542 pubes
616 1497 760 1541 agrestis
777 1497 896 1530 adoret
909 1509 918 1537 3

87 1543 151 1576 Cui
167 1549 208 1576 tu
223 1543 316 1576 laete
332 1544 429 1577 favos
446 1548 481 1577 et
497 1544 576 1576 miti
593 1544 687 1576 dilue
704 1543 850 1584 Baccho,

87 1589 220 1633 Terque
235 1601 342 1622 novas
359 1589 490 1622 circum
505 1589 592 1622 felix
609 1593 666 1622 eat
682 1589 796 1622 hostia
811 1589 929 1631 fruges
943 1600 952 1628 ;

89 1635 207 1668 Omnis
225 1646 329 1678 quam
347 1635 470 1668 chorus
487 1640 522 1668 et
539 1635 619 1668 socii
637 1635 846 1668 comitentur
863 1636 1015 1676 ovantes,

88 1681 135 1714 Et
153 1681 308 1714 Cererem
326 1681 474 1714 clamore
491 1685 614 1714 vocent
630 1680 667 1713 in
684 1684 786 1713 tecta.
835 1680 958 1723 Neque
974 1682 1056 1713 ante

89 1726 227 1761 Faloem
243 1727 390 1760 maturis
407 1727 590 1772 quisquam
607 1731 779 1771 supponat
796 1725 921 1768 aristis,
