<?xml version="1.0" encoding="UTF-8"?>
<!DOCTYPE html PUBLIC "-//W3C//DTD XHTML 1.0 Transitional//EN"
    "http://www.w3.org/TR/xhtml1/DTD/xhtml1-transitional.dtd">
<html xmlns="http://www.w3.org/1999/xhtml" xml:lang="en" lang="en">
 <head>
  <title>
</title>
<meta http-equiv="Content-Type" content="text/html;charset=utf-8" />
  <meta name='ocr-system' content='tesseract 3.04.00' />
  <meta name='ocr-capabilities' content='ocr_page ocr_carea ocr_par ocr_line ocrx_word'/>
</head>
<body>
  <div class='ocr_page' id='page_1' title='image "./operaomnia00virguoft/operaomnia00virguoft_0254.png"; bbox 0 0 1345 1927; ppageno 0'>
   <div class='ocr_carea' id='block_1_1' title="bbox 137 59 943 95">
    <p class='ocr_par' dir='ltr' id='par_1_1' title="bbox 137 59 943 95">
     <span class='ocr_line' id='line_1_1' title="bbox 137 59 943 95; baseline 0.001 -2"><span class='ocrx_word' id='word_1_1' title='bbox 137 62 204 94; x_wconf 80' lang='lat'>246</span> <span class='ocrx_word' id='word_1_2' title='bbox 436 59 473 93; x_wconf 88' lang='grc' dir='ltr'>Ρ.</span> <span class='ocrx_word' id='word_1_3' title='bbox 500 59 703 94; x_wconf 82' lang='lat' dir='ltr'><strong>VIRGILII</strong></span> <span class='ocrx_word' id='word_1_4' title='bbox 730 60 943 95; x_wconf 85' lang='lat' dir='ltr'>MARONIS</span> 
     </span>
    </p>
   </div>
   <div class='ocr_carea' id='block_1_2' title="bbox 138 127 1273 1771">
    <p class='ocr_par' dir='ltr' id='par_1_2' title="bbox 138 127 1258 715">
     <span class='ocr_line' id='line_1_2' title="bbox 139 127 1250 173; baseline 0.001 -12"><span class='ocrx_word' id='word_1_5' title='bbox 139 128 216 161; x_wconf 88' lang='lat' dir='ltr'>Una</span> <span class='ocrx_word' id='word_1_6' title='bbox 233 128 355 171; x_wconf 88' lang='lat' dir='ltr'>ingens</span> <span class='ocrx_word' id='word_1_7' title='bbox 373 127 552 161; x_wconf 84' lang='lat' dir='ltr'>Amiterna</span> <span class='ocrx_word' id='word_1_8' title='bbox 568 128 696 170; x_wconf 87' lang='lat' dir='ltr'>cohors,</span> <span class='ocrx_word' id='word_1_9' title='bbox 714 129 885 172; x_wconf 79' lang='lat' dir='ltr'>priscique</span> <span class='ocrx_word' id='word_1_10' title='bbox 903 129 1066 173; x_wconf 79' lang='lat' dir='ltr'><strong>Quirites,</strong></span> <span class='ocrx_word' id='word_1_11' title='bbox 1182 129 1250 164; x_wconf 89' lang='lat'>710</span> 
     </span>
     <span class='ocr_line' id='line_1_3' title="bbox 138 173 976 217; baseline 0.002 -12"><span class='ocrx_word' id='word_1_12' title='bbox 138 173 234 206; x_wconf 89' lang='lat' dir='ltr'>Ereti</span> <span class='ocrx_word' id='word_1_13' title='bbox 251 184 375 206; x_wconf 88' lang='lat' dir='ltr'>manus</span> <span class='ocrx_word' id='word_1_14' title='bbox 392 173 512 215; x_wconf 88' lang='lat' dir='ltr'>omnis,</span> <span class='ocrx_word' id='word_1_15' title='bbox 530 173 763 217; x_wconf 60' lang='lat' dir='ltr'>oliviferaeque</span> <span class='ocrx_word' id='word_1_16' title='bbox 780 174 952 207; x_wconf 87' lang='lat' dir='ltr'>Mutuscae</span> <span class='ocrx_word' id='word_1_17' title='bbox 968 187 976 215; x_wconf 88' lang='lat'>;</span> 
     </span>
     <span class='ocr_line' id='line_1_4' title="bbox 141 218 1028 263; baseline 0.001 -12"><span class='ocrx_word' id='word_1_18' title='bbox 141 218 208 259; x_wconf 84' lang='lat' dir='ltr'>Qui</span> <span class='ocrx_word' id='word_1_19' title='bbox 226 219 439 251; x_wconf 83' lang='lat' dir='ltr'><strong>Nomentum</strong></span> <span class='ocrx_word' id='word_1_20' title='bbox 456 218 586 261; x_wconf 90' lang='lat' dir='ltr'>urbem,</span> <span class='ocrx_word' id='word_1_21' title='bbox 604 219 663 262; x_wconf 87' lang='lat' dir='ltr'>qui</span> <span class='ocrx_word' id='word_1_22' title='bbox 682 219 791 252; x_wconf 87' lang='lat' dir='ltr'>Rosea</span> <span class='ocrx_word' id='word_1_23' title='bbox 807 231 888 253; x_wconf 88' lang='lat' dir='ltr'>rura</span> <span class='ocrx_word' id='word_1_24' title='bbox 903 220 1028 263; x_wconf 86' lang='lat' dir='ltr'>Velini,</span> 
     </span>
     <span class='ocr_line' id='line_1_5' title="bbox 141 263 1114 308; baseline 0.002 -12"><span class='ocrx_word' id='word_1_25' title='bbox 141 264 209 305; x_wconf 86' lang='lat' dir='ltr'>Qui</span> <span class='ocrx_word' id='word_1_26' title='bbox 226 264 370 297; x_wconf 75' lang='lat' dir='ltr'><strong>Tetricae</strong></span> <span class='ocrx_word' id='word_1_27' title='bbox 387 263 557 296; x_wconf 88' lang='lat' dir='ltr'>horrentis</span> <span class='ocrx_word' id='word_1_28' title='bbox 573 275 686 308; x_wconf 84' lang='lat' dir='ltr'>rupes,</span> <span class='ocrx_word' id='word_1_29' title='bbox 703 269 924 308; x_wconf 87' lang='lat' dir='ltr'>montemque</span> <span class='ocrx_word' id='word_1_30' title='bbox 941 265 1114 308; x_wconf 89' lang='lat' dir='ltr'>Severum,</span> 
     </span>
     <span class='ocr_line' id='line_1_6' title="bbox 141 309 1192 353; baseline 0.002 -11"><span class='ocrx_word' id='word_1_31' title='bbox 141 309 404 353; x_wconf 83' lang='lat' dir='ltr'>Casperiamque</span> <span class='ocrx_word' id='word_1_32' title='bbox 422 309 550 351; x_wconf 88' lang='lat' dir='ltr'>colunt,</span> <span class='ocrx_word' id='word_1_33' title='bbox 569 309 789 352; x_wconf 81' lang='lat' dir='ltr'>Forulosque,</span> <span class='ocrx_word' id='word_1_34' title='bbox 807 315 842 342; x_wconf 88' lang='lat' dir='ltr'>et</span> <span class='ocrx_word' id='word_1_35' title='bbox 860 310 988 343; x_wconf 84' lang='lat' dir='ltr'>flumen</span> <span class='ocrx_word' id='word_1_36' title='bbox 1007 310 1168 344; x_wconf 82' lang='lat' dir='ltr'>Himellae</span> <span class='ocrx_word' id='word_1_37' title='bbox 1183 322 1192 351; x_wconf 87' lang='lat'>;</span> 
     </span>
     <span class='ocr_line' id='line_1_7' title="bbox 142 354 1150 399; baseline 0.002 -12"><span class='ocrx_word' id='word_1_38' title='bbox 142 354 210 395; x_wconf 87' lang='lat' dir='ltr'>Qui</span> <span class='ocrx_word' id='word_1_39' title='bbox 227 354 391 398; x_wconf 80' lang='lat' dir='ltr'>Thybrim</span> <span class='ocrx_word' id='word_1_40' title='bbox 409 354 639 397; x_wconf 81' lang='lat' dir='ltr'>Fabarimque</span> <span class='ocrx_word' id='word_1_41' title='bbox 655 354 789 397; x_wconf 90' lang='lat' dir='ltr'>bibunt,</span> <span class='ocrx_word' id='word_1_42' title='bbox 809 367 894 398; x_wconf 84' lang='lat' dir='ltr'>quos</span> <span class='ocrx_word' id='word_1_43' title='bbox 910 356 1039 399; x_wconf 75' lang='lat' dir='ltr'>firigida</span> <span class='ocrx_word' id='word_1_44' title='bbox 1054 356 1150 389; x_wconf 85' lang='lat' dir='ltr'>misit</span> 
     </span>
     <span class='ocr_line' id='line_1_8' title="bbox 141 399 1007 444; baseline 0.001 -11"><span class='ocrx_word' id='word_1_45' title='bbox 141 400 279 442; x_wconf 87' lang='lat' dir='ltr'>Nursia,</span> <span class='ocrx_word' id='word_1_46' title='bbox 296 404 331 432; x_wconf 86' lang='lat' dir='ltr'>et</span> <span class='ocrx_word' id='word_1_47' title='bbox 349 400 506 433; x_wconf 59' lang='lat' dir='ltr'>Hortinae</span> <span class='ocrx_word' id='word_1_48' title='bbox 523 399 656 442; x_wconf 81' lang='lat' dir='ltr'>classes,</span> <span class='ocrx_word' id='word_1_49' title='bbox 673 400 861 444; x_wconf 73' lang='lat' dir='ltr'>populique</span> <span class='ocrx_word' id='word_1_50' title='bbox 879 401 1007 444; x_wconf 79' lang='lat' dir='ltr'>Latini,</span> 
     </span>
     <span class='ocr_line' id='line_1_9' title="bbox 144 444 1094 488; baseline 0.002 -10"><span class='ocrx_word' id='word_1_51' title='bbox 144 445 259 488; x_wconf 78' lang='lat' dir='ltr'>Quos&lt;</span> <span class='ocrx_word' id='word_1_52' title='bbox 263 456 304 478; x_wconf 91' lang='lat' dir='ltr'>ue</span> <span class='ocrx_word' id='word_1_53' title='bbox 321 456 437 478; x_wconf 88' lang='lat' dir='ltr'>secans</span> <span class='ocrx_word' id='word_1_54' title='bbox 454 444 647 478; x_wconf 81' lang='lat' dir='ltr'>infaustum</span> <span class='ocrx_word' id='word_1_55' title='bbox 664 445 822 478; x_wconf 82' lang='lat' dir='ltr'>interluit</span> <span class='ocrx_word' id='word_1_56' title='bbox 840 445 931 478; x_wconf 87' lang='lat' dir='ltr'>Allia</span> <span class='ocrx_word' id='word_1_57' title='bbox 947 457 1094 480; x_wconf 90' lang='lat' dir='ltr'>nomen:</span> 
     </span>
     <span class='ocr_line' id='line_1_10' title="bbox 145 489 1066 535; baseline 0.003 -13"><span class='ocrx_word' id='word_1_58' title='bbox 145 490 258 531; x_wconf 86' lang='lat' dir='ltr'>Quam</span> <span class='ocrx_word' id='word_1_59' title='bbox 273 490 377 523; x_wconf 89' lang='lat' dir='ltr'>multi</span> <span class='ocrx_word' id='word_1_60' title='bbox 393 489 522 533; x_wconf 86' lang='lat' dir='ltr'>Libyco</span> <span class='ocrx_word' id='word_1_61' title='bbox 539 489 728 522; x_wconf 81' lang='lat' dir='ltr'>volvuntur</span> <span class='ocrx_word' id='word_1_62' title='bbox 743 502 912 524; x_wconf 86' lang='lat' dir='ltr'>marmore</span> <span class='ocrx_word' id='word_1_63' title='bbox 928 491 1066 535; x_wconf 85' lang='lat' dir='ltr'>fluctus,</span> 
     </span>
     <span class='ocr_line' id='line_1_11' title="bbox 145 534 955 576; baseline -0.001 -7"><span class='ocrx_word' id='word_1_64' title='bbox 145 535 263 569; x_wconf 86' lang='lat' dir='ltr'>Saevus</span> <span class='ocrx_word' id='word_1_65' title='bbox 280 535 340 568; x_wconf 92' lang='lat' dir='ltr'>ubi</span> <span class='ocrx_word' id='word_1_66' title='bbox 358 535 463 568; x_wconf 89' lang='lat' dir='ltr'>Orion</span> <span class='ocrx_word' id='word_1_67' title='bbox 479 534 632 567; x_wconf 75' lang='lat' dir='ltr'>hjbernis</span> <span class='ocrx_word' id='word_1_68' title='bbox 650 535 811 568; x_wconf 87' lang='lat' dir='ltr'>conditur</span> <span class='ocrx_word' id='word_1_69' title='bbox 829 535 955 576; x_wconf 82' lang='lat' dir='ltr'>undis3</span> 
     </span>
     <span class='ocr_line' id='line_1_12' title="bbox 146 562 1258 625; baseline 0 -11"><span class='ocrx_word' id='word_1_70' title='bbox 146 581 211 614; x_wconf 89' lang='lat' dir='ltr'>Vel</span> <span class='ocrx_word' id='word_1_71' title='bbox 228 592 337 624; x_wconf 89' lang='lat' dir='ltr'>quum</span> <span class='ocrx_word' id='word_1_72' title='bbox 354 580 422 613; x_wconf 88' lang='lat' dir='ltr'>sole</span> <span class='ocrx_word' id='word_1_73' title='bbox 439 591 526 613; x_wconf 85' lang='lat' dir='ltr'>novo</span> <span class='ocrx_word' id='word_1_74' title='bbox 543 580 658 613; x_wconf 90' lang='lat' dir='ltr'>densae</span> <span class='ocrx_word' id='word_1_75' title='bbox 677 584 851 613; x_wconf 75' lang='lat' dir='ltr'>torrentur</span> <span class='ocrx_word' id='word_1_76' title='bbox 868 562 992 625; x_wconf 60' lang='lat' dir='ltr'>aristae,</span> <span class='ocrx_word' id='word_1_77' title='bbox 1190 582 1258 616; x_wconf 82' lang='lat'>720</span> 
     </span>
     <span class='ocr_line' id='line_1_13' title="bbox 146 625 1064 669; baseline 0.002 -10"><span class='ocrx_word' id='word_1_78' title='bbox 146 626 220 659; x_wconf 92' lang='lat' dir='ltr'>Aut</span> <span class='ocrx_word' id='word_1_79' title='bbox 238 626 360 659; x_wconf 83' lang='lat' dir='ltr'>Hermi</span> <span class='ocrx_word' id='word_1_80' title='bbox 377 636 508 669; x_wconf 82' lang='lat' dir='ltr'>campo,</span> <span class='ocrx_word' id='word_1_81' title='bbox 526 630 588 658; x_wconf 92' lang='lat' dir='ltr'>aut</span> <span class='ocrx_word' id='word_1_82' title='bbox 606 625 720 669; x_wconf 82' lang='lat' dir='ltr'>Lyciae</span> <span class='ocrx_word' id='word_1_83' title='bbox 737 625 947 659; x_wconf 85' lang='lat' dir='ltr'>flaventibus</span> <span class='ocrx_word' id='word_1_84' title='bbox 963 627 1064 661; x_wconf 85' lang='lat' dir='ltr'>arvis.</span> 
     </span>
     <span class='ocr_line' id='line_1_14' title="bbox 147 671 1073 715; baseline 0.001 -10"><span class='ocrx_word' id='word_1_85' title='bbox 147 671 253 706; x_wconf 86' lang='lat' dir='ltr'>Scuta</span> <span class='ocrx_word' id='word_1_86' title='bbox 271 675 403 714; x_wconf 85' lang='lat' dir='ltr'>sonant,</span> <span class='ocrx_word' id='word_1_87' title='bbox 421 671 592 715; x_wconf 72' lang='lat' dir='ltr'>pulsuque</span> <span class='ocrx_word' id='word_1_88' title='bbox 609 671 738 714; x_wconf 88' lang='lat' dir='ltr'>pedum</span> <span class='ocrx_word' id='word_1_89' title='bbox 756 671 943 704; x_wconf 86' lang='lat' dir='ltr'>conterrita</span> <span class='ocrx_word' id='word_1_90' title='bbox 959 672 1073 706; x_wconf 82' lang='lat' dir='ltr'>tellus.</span> 
     </span>
    </p>

    <p class='ocr_par' dir='ltr' id='par_1_3' title="bbox 149 716 1264 1169">
     <span class='ocr_line' id='line_1_15' title="bbox 194 716 1069 760; baseline 0.001 -10"><span class='ocrx_word' id='word_1_91' title='bbox 194 717 288 750; x_wconf 87' lang='lat' dir='ltr'>Hinc</span> <span class='ocrx_word' id='word_1_92' title='bbox 305 716 610 760; x_wconf 72' lang='lat' dir='ltr'>Agamemnonius,</span> <span class='ocrx_word' id='word_1_93' title='bbox 628 716 767 760; x_wconf 87' lang='lat' dir='ltr'>Trojani</span> <span class='ocrx_word' id='word_1_94' title='bbox 785 717 934 749; x_wconf 90' lang='lat' dir='ltr'>nominis</span> <span class='ocrx_word' id='word_1_95' title='bbox 951 717 1069 760; x_wconf 86' lang='lat' dir='ltr'>hostis,</span> 
     </span>
     <span class='ocr_line' id='line_1_16' title="bbox 150 761 1052 806; baseline 0.001 -10"><span class='ocrx_word' id='word_1_96' title='bbox 150 763 287 796; x_wconf 88' lang='lat' dir='ltr'>Curru</span> <span class='ocrx_word' id='word_1_97' title='bbox 272 773 362 806; x_wconf 67' lang='lat' dir='ltr'>JunU</span> <span class='ocrx_word' id='word_1_98' title='bbox 343 762 394 795; x_wconf 69' lang='lat' dir='ltr'>rit</span> <span class='ocrx_word' id='word_1_99' title='bbox 412 761 571 794; x_wconf 85' lang='lat' dir='ltr'>Halaesus</span> <span class='ocrx_word' id='word_1_100' title='bbox 589 773 703 805; x_wconf 78' lang='lat' dir='ltr'>equOS‚</span> <span class='ocrx_word' id='word_1_101' title='bbox 722 761 906 805; x_wconf 86' lang='lat' dir='ltr'>Turnoque</span> <span class='ocrx_word' id='word_1_102' title='bbox 922 762 1052 797; x_wconf 86' lang='lat' dir='ltr'>feroces</span> 
     </span>
     <span class='ocr_line' id='line_1_17' title="bbox 149 807 994 860; baseline -0.001 -18"><span class='ocrx_word' id='word_1_103' title='bbox 149 808 248 842; x_wconf 88' lang='lat' dir='ltr'>Mille</span> <span class='ocrx_word' id='word_1_104' title='bbox 264 807 356 851; x_wconf 83' lang='lat' dir='ltr'>rapit</span> <span class='ocrx_word' id='word_1_105' title='bbox 365 807 539 860; x_wconf 73' lang='lat' dir='ltr'>populos3</span> <span class='ocrx_word' id='word_1_106' title='bbox 565 812 707 840; x_wconf 88' lang='lat' dir='ltr'>vertunt</span> <span class='ocrx_word' id='word_1_107' title='bbox 724 807 840 840; x_wconf 84' lang='lat' dir='ltr'>felicia</span> <span class='ocrx_word' id='word_1_108' title='bbox 857 807 994 841; x_wconf 86' lang='lat' dir='ltr'>Baccho</span> 
     </span>
     <span class='ocr_line' id='line_1_18' title="bbox 149 852 989 896; baseline -0.001 -9"><span class='ocrx_word' id='word_1_109' title='bbox 149 853 298 887; x_wconf 84' lang='lat' dir='ltr'>Massica</span> <span class='ocrx_word' id='word_1_110' title='bbox 314 853 374 896; x_wconf 88' lang='lat' dir='ltr'>qui</span> <span class='ocrx_word' id='word_1_111' title='bbox 387 852 517 895; x_wconf 87' lang='lat' dir='ltr'>rastris,</span> <span class='ocrx_word' id='word_1_112' title='bbox 534 856 569 885; x_wconf 83' lang='lat' dir='ltr'>et</span> <span class='ocrx_word' id='word_1_113' title='bbox 586 864 670 896; x_wconf 87' lang='lat' dir='ltr'>quos</span> <span class='ocrx_word' id='word_1_114' title='bbox 688 852 729 885; x_wconf 89' lang='lat' dir='ltr'>de</span> <span class='ocrx_word' id='word_1_115' title='bbox 747 852 891 886; x_wconf 82' lang='lat' dir='ltr'>collibus</span> <span class='ocrx_word' id='word_1_116' title='bbox 908 853 989 886; x_wconf 85' lang='lat' dir='ltr'>altis</span> 
     </span>
     <span class='ocr_line' id='line_1_19' title="bbox 150 898 949 942; baseline -0.004 -9"><span class='ocrx_word' id='word_1_117' title='bbox 150 898 308 933; x_wconf 86' lang='lat' dir='ltr'>Aurunci</span> <span class='ocrx_word' id='word_1_118' title='bbox 323 899 445 931; x_wconf 80' lang='lat' dir='ltr'>misere</span> <span class='ocrx_word' id='word_1_119' title='bbox 463 902 587 941; x_wconf 87' lang='lat' dir='ltr'>patres,</span> <span class='ocrx_word' id='word_1_120' title='bbox 606 898 828 941; x_wconf 86' lang='lat' dir='ltr'>Sidicinaque</span> <span class='ocrx_word' id='word_1_121' title='bbox 841 899 949 942; x_wconf 81' lang='lat' dir='ltr'>juxta</span> 
     </span>
     <span class='ocr_line' id='line_1_20' title="bbox 151 943 1122 989; baseline 0 -11"><span class='ocrx_word' id='word_1_122' title='bbox 151 945 325 989; x_wconf 81' lang='lat' dir='ltr'>AEquora3</span> <span class='ocrx_word' id='word_1_123' title='bbox 350 944 479 987; x_wconf 89' lang='lat' dir='ltr'>quique</span> <span class='ocrx_word' id='word_1_124' title='bbox 497 943 593 976; x_wconf 89' lang='lat' dir='ltr'>Cales</span> <span class='ocrx_word' id='word_1_125' title='bbox 610 943 787 987; x_wconf 83' lang='lat' dir='ltr'>linquunt,</span> <span class='ocrx_word' id='word_1_126' title='bbox 805 944 985 987; x_wconf 77' lang='lat' dir='ltr'>amnisque</span> <span class='ocrx_word' id='word_1_127' title='bbox 1002 943 1122 978; x_wconf 76' lang='lat' dir='ltr'>vadosi</span> 
     </span>
     <span class='ocr_line' id='line_1_21' title="bbox 151 970 1007 1033; baseline -0.002 -9"><span class='ocrx_word' id='word_1_128' title='bbox 151 990 278 1024; x_wconf 85' lang='lat' dir='ltr'>Accola</span> <span class='ocrx_word' id='word_1_129' title='bbox 294 970 471 1032; x_wconf 87' lang='lat' dir='ltr'>Vulturni,</span> <span class='ocrx_word' id='word_1_130' title='bbox 489 989 687 1032; x_wconf 85' lang='lat' dir='ltr'>pariterque</span> <span class='ocrx_word' id='word_1_131' title='bbox 705 988 880 1022; x_wconf 82' lang='lat' dir='ltr'>Saticulus</span> <span class='ocrx_word' id='word_1_132' title='bbox 897 1000 1007 1033; x_wconf 87' lang='lat' dir='ltr'>asper,</span> 
     </span>
     <span class='ocr_line' id='line_1_22' title="bbox 153 1034 1264 1078; baseline 0 -9"><span class='ocrx_word' id='word_1_133' title='bbox 153 1036 385 1078; x_wconf 83' lang='lat' dir='ltr'>Oscorumque</span> <span class='ocrx_word' id='word_1_134' title='bbox 402 1046 534 1068; x_wconf 89' lang='lat' dir='ltr'>manus</span> <span class='ocrx_word' id='word_1_135' title='bbox 576 1034 713 1067; x_wconf 80' lang='lat' dir='ltr'>Teretes</span> <span class='ocrx_word' id='word_1_136' title='bbox 731 1038 814 1067; x_wconf 88' lang='lat' dir='ltr'>sunt</span> <span class='ocrx_word' id='word_1_137' title='bbox 831 1034 969 1078; x_wconf 82' lang='lat' dir='ltr'>aclydes</span> <span class='ocrx_word' id='word_1_138' title='bbox 987 1034 1057 1068; x_wconf 85' lang='lat' dir='ltr'>illis</span> <span class='ocrx_word' id='word_1_139' title='bbox 1197 1036 1264 1069; x_wconf 88' lang='lat'>730</span> 
     </span>
     <span class='ocr_line' id='line_1_23' title="bbox 153 1079 997 1123; baseline -0.001 -8"><span class='ocrx_word' id='word_1_140' title='bbox 153 1081 252 1115; x_wconf 89' lang='lat' dir='ltr'>Tela:</span> <span class='ocrx_word' id='word_1_141' title='bbox 278 1080 337 1114; x_wconf 85' lang='lat' dir='ltr'>sed</span> <span class='ocrx_word' id='word_1_142' title='bbox 354 1081 427 1113; x_wconf 88' lang='lat' dir='ltr'>haec</span> <span class='ocrx_word' id='word_1_143' title='bbox 444 1080 539 1113; x_wconf 87' lang='lat' dir='ltr'>lento</span> <span class='ocrx_word' id='word_1_144' title='bbox 555 1091 628 1113; x_wconf 89' lang='lat' dir='ltr'>mos</span> <span class='ocrx_word' id='word_1_145' title='bbox 646 1083 697 1112; x_wconf 84' lang='lat' dir='ltr'>est</span> <span class='ocrx_word' id='word_1_146' title='bbox 714 1083 834 1123; x_wconf 86' lang='lat' dir='ltr'>aptare</span> <span class='ocrx_word' id='word_1_147' title='bbox 850 1079 997 1123; x_wconf 88' lang='lat' dir='ltr'>flagello.</span> 
     </span>
     <span class='ocr_line' id='line_1_24' title="bbox 154 1125 960 1169; baseline -0.001 -9"><span class='ocrx_word' id='word_1_148' title='bbox 154 1127 273 1161; x_wconf 86' lang='lat' dir='ltr'>Laevas</span> <span class='ocrx_word' id='word_1_149' title='bbox 289 1130 393 1160; x_wconf 86' lang='lat' dir='ltr'>caetra</span> <span class='ocrx_word' id='word_1_150' title='bbox 410 1126 519 1169; x_wconf 86' lang='lat' dir='ltr'>tegit;</span> <span class='ocrx_word' id='word_1_151' title='bbox 544 1125 663 1158; x_wconf 84' lang='lat' dir='ltr'>falcati</span> <span class='ocrx_word' id='word_1_152' title='bbox 681 1125 837 1158; x_wconf 88' lang='lat' dir='ltr'>cominus</span> <span class='ocrx_word' id='word_1_153' title='bbox 854 1136 960 1159; x_wconf 85' lang='lat' dir='ltr'>enses.</span> 
     </span>
    </p>

    <p class='ocr_par' dir='ltr' id='par_1_4' title="bbox 157 1170 1273 1671">
     <span class='ocr_line' id='line_1_25' title="bbox 200 1170 1004 1214; baseline -0.004 -8"><span class='ocrx_word' id='word_1_154' title='bbox 200 1173 233 1205; x_wconf 86' lang='lat' dir='ltr'>N</span> <span class='ocrx_word' id='word_1_155' title='bbox 234 1184 272 1206; x_wconf 87' lang='lat' dir='ltr'>ec</span> <span class='ocrx_word' id='word_1_156' title='bbox 289 1176 330 1205; x_wconf 90' lang='lat' dir='ltr'>tu</span> <span class='ocrx_word' id='word_1_157' title='bbox 346 1171 556 1205; x_wconf 84' lang='lat' dir='ltr'>carminibus</span> <span class='ocrx_word' id='word_1_158' title='bbox 572 1171 698 1203; x_wconf 87' lang='lat' dir='ltr'>nostris</span> <span class='ocrx_word' id='word_1_159' title='bbox 714 1170 867 1203; x_wconf 86' lang='lat' dir='ltr'>indictus</span> <span class='ocrx_word' id='word_1_160' title='bbox 884 1171 1004 1214; x_wconf 86' lang='lat' dir='ltr'>abibis,</span> 
     </span>
     <span class='ocr_line' id='line_1_26' title="bbox 157 1215 1100 1261; baseline -0.002 -10"><span class='ocrx_word' id='word_1_161' title='bbox 157 1218 287 1260; x_wconf 89' lang='lat' dir='ltr'>OEbale,</span> <span class='ocrx_word' id='word_1_162' title='bbox 305 1228 407 1260; x_wconf 89' lang='lat' dir='ltr'>quem</span> <span class='ocrx_word' id='word_1_163' title='bbox 423 1228 603 1260; x_wconf 85' lang='lat' dir='ltr'>generasse</span> <span class='ocrx_word' id='word_1_164' title='bbox 620 1216 726 1249; x_wconf 84' lang='lat' dir='ltr'>Telon</span> <span class='ocrx_word' id='word_1_165' title='bbox 743 1215 928 1250; x_wconf 85' lang='lat' dir='ltr'>Sebethide</span> <span class='ocrx_word' id='word_1_166' title='bbox 944 1217 1100 1261; x_wconf 80' lang='lat' dir='ltr'>nympha</span> 
     </span>
     <span class='ocr_line' id='line_1_27' title="bbox 157 1262 1060 1306; baseline -0.002 -9"><span class='ocrx_word' id='word_1_167' title='bbox 157 1264 290 1305; x_wconf 88' lang='lat' dir='ltr'>Fertur,</span> <span class='ocrx_word' id='word_1_168' title='bbox 308 1262 494 1296; x_wconf 88' lang='lat' dir='ltr'>Teleboum</span> <span class='ocrx_word' id='word_1_169' title='bbox 510 1262 658 1306; x_wconf 87' lang='lat' dir='ltr'>Capreas</span> <span class='ocrx_word' id='word_1_170' title='bbox 675 1273 784 1306; x_wconf 90' lang='lat' dir='ltr'>quum</span> <span class='ocrx_word' id='word_1_171' title='bbox 800 1273 908 1305; x_wconf 84' lang='lat' dir='ltr'>regna</span> <span class='ocrx_word' id='word_1_172' title='bbox 924 1266 1060 1296; x_wconf 86' lang='lat' dir='ltr'>teneret</span> 
     </span>
     <span class='ocr_line' id='line_1_28' title="bbox 157 1307 971 1352; baseline -0.004 -9"><span class='ocrx_word' id='word_1_173' title='bbox 157 1310 183 1343; x_wconf 87' lang='lat' dir='ltr'><strong>J</strong></span> <span class='ocrx_word' id='word_1_174' title='bbox 184 1321 241 1343; x_wconf 86' lang='lat' dir='ltr'>am</span> <span class='ocrx_word' id='word_1_175' title='bbox 258 1309 369 1342; x_wconf 87' lang='lat' dir='ltr'>senior</span> <span class='ocrx_word' id='word_1_176' title='bbox 383 1321 391 1348; x_wconf 91' lang='lat'>;</span> <span class='ocrx_word' id='word_1_177' title='bbox 416 1308 537 1352; x_wconf 86' lang='lat' dir='ltr'>patriis</span> <span class='ocrx_word' id='word_1_178' title='bbox 556 1308 614 1340; x_wconf 89' lang='lat' dir='ltr'>sed</span> <span class='ocrx_word' id='word_1_179' title='bbox 631 1319 702 1340; x_wconf 92' lang='grc'>11011</span> <span class='ocrx_word' id='word_1_180' title='bbox 718 1311 753 1340; x_wconf 84' lang='lat' dir='ltr'>et</span> <span class='ocrx_word' id='word_1_181' title='bbox 770 1307 863 1340; x_wconf 90' lang='lat' dir='ltr'>filius</span> <span class='ocrx_word' id='word_1_182' title='bbox 879 1308 971 1341; x_wconf 87' lang='lat' dir='ltr'>arvis</span> 
     </span>
     <span class='ocr_line' id='line_1_29' title="bbox 159 1353 971 1396; baseline -0.004 -8"><span class='ocrx_word' id='word_1_183' title='bbox 159 1355 358 1396; x_wconf 75' lang='lat' dir='ltr'>Contentus,</span> <span class='ocrx_word' id='word_1_184' title='bbox 376 1353 446 1387; x_wconf 87' lang='lat' dir='ltr'>late</span> <span class='ocrx_word' id='word_1_185' title='bbox 458 1354 533 1396; x_wconf 88' lang='lat' dir='ltr'>jam</span> <span class='ocrx_word' id='word_1_186' title='bbox 551 1357 626 1386; x_wconf 90' lang='lat' dir='ltr'>tum</span> <span class='ocrx_word' id='word_1_187' title='bbox 644 1353 776 1386; x_wconf 82' lang='lat' dir='ltr'>ditione</span> <span class='ocrx_word' id='word_1_188' title='bbox 792 1353 971 1396; x_wconf 84' lang='lat' dir='ltr'>premebat</span> 
     </span>
     <span class='ocr_line' id='line_1_30' title="bbox 159 1398 1070 1443; baseline -0.002 -9"><span class='ocrx_word' id='word_1_189' title='bbox 159 1401 330 1434; x_wconf 85' lang='lat' dir='ltr'>Sarrastes</span> <span class='ocrx_word' id='word_1_190' title='bbox 348 1399 501 1443; x_wconf 60' lang='lat' dir='ltr'>populosi,</span> <span class='ocrx_word' id='word_1_191' title='bbox 519 1403 554 1432; x_wconf 89' lang='lat' dir='ltr'>et</span> <span class='ocrx_word' id='word_1_192' title='bbox 571 1410 649 1443; x_wconf 83' lang='lat' dir='ltr'>quae</span> <span class='ocrx_word' id='word_1_193' title='bbox 665 1398 758 1442; x_wconf 85' lang='lat' dir='ltr'>rigat</span> <span class='ocrx_word' id='word_1_194' title='bbox 775 1410 913 1442; x_wconf 88' lang='lat' dir='ltr'>aequora</span> <span class='ocrx_word' id='word_1_195' title='bbox 929 1398 1070 1441; x_wconf 88' lang='lat' dir='ltr'>Sarnus,</span> 
     </span>
     <span class='ocr_line' id='line_1_31' title="bbox 160 1427 1239 1490; baseline -0.002 -11"><span class='ocrx_word' id='word_1_196' title='bbox 160 1446 296 1490; x_wconf 85' lang='lat' dir='ltr'>Quique</span> <span class='ocrx_word' id='word_1_197' title='bbox 313 1445 439 1478; x_wconf 80' lang='lat' dir='ltr'>Rufras</span> <span class='ocrx_word' id='word_1_198' title='bbox 457 1427 718 1487; x_wconf 62' lang='lat' dir='ltr'>BatulumqueU</span> <span class='ocrx_word' id='word_1_199' title='bbox 709 1448 831 1476; x_wconf 87' lang='lat' dir='ltr'>tenent</span> <span class='ocrx_word' id='word_1_200' title='bbox 848 1448 953 1488; x_wconf 83' lang='lat' dir='ltr'>atque</span> <span class='ocrx_word' id='word_1_201' title='bbox 970 1455 1054 1478; x_wconf 85' lang='lat' dir='ltr'>arva</span> <span class='ocrx_word' id='word_1_202' title='bbox 1070 1443 1239 1485; x_wconf 83' lang='lat' dir='ltr'>Celennoe,</span> 
     </span>
     <span class='ocr_line' id='line_1_32' title="bbox 160 1489 1273 1535; baseline -0.002 -10"><span class='ocrx_word' id='word_1_203' title='bbox 160 1491 206 1524; x_wconf 88' lang='lat' dir='ltr'>Et</span> <span class='ocrx_word' id='word_1_204' title='bbox 223 1502 306 1535; x_wconf 89' lang='lat' dir='ltr'>quos</span> <span class='ocrx_word' id='word_1_205' title='bbox 322 1490 488 1524; x_wconf 73' lang='lat' dir='ltr'>maliferae</span> <span class='ocrx_word' id='word_1_206' title='bbox 505 1490 707 1533; x_wconf 87' lang='lat' dir='ltr'>despectant</span> <span class='ocrx_word' id='word_1_207' title='bbox 723 1489 851 1522; x_wconf 81' lang='lat' dir='ltr'>moenia</span> <span class='ocrx_word' id='word_1_208' title='bbox 867 1489 1022 1523; x_wconf 82' lang='lat' dir='ltr'>Abellae:</span> <span class='ocrx_word' id='word_1_209' title='bbox 1206 1490 1273 1523; x_wconf 87' lang='grc'>740</span> 
     </span>
     <span class='ocr_line' id='line_1_33' title="bbox 160 1535 892 1578; baseline -0.004 -8"><span class='ocrx_word' id='word_1_210' title='bbox 160 1537 348 1570; x_wconf 86' lang='lat' dir='ltr'>Teutonico</span> <span class='ocrx_word' id='word_1_211' title='bbox 363 1536 436 1568; x_wconf 91' lang='lat' dir='ltr'>ritu</span> <span class='ocrx_word' id='word_1_212' title='bbox 453 1535 545 1568; x_wconf 85' lang='lat' dir='ltr'>soliti</span> <span class='ocrx_word' id='word_1_213' title='bbox 563 1540 723 1578; x_wconf 88' lang='lat' dir='ltr'>torquere</span> <span class='ocrx_word' id='word_1_214' title='bbox 740 1535 892 1575; x_wconf 86' lang='lat' dir='ltr'>cateias;</span> 
     </span>
     <span class='ocr_line' id='line_1_34' title="bbox 161 1580 1096 1625; baseline -0.002 -10"><span class='ocrx_word' id='word_1_215' title='bbox 161 1582 328 1625; x_wconf 87' lang='lat' dir='ltr'>Tegmina</span> <span class='ocrx_word' id='word_1_216' title='bbox 345 1581 441 1625; x_wconf 91' lang='lat' dir='ltr'>queis</span> <span class='ocrx_word' id='word_1_217' title='bbox 459 1581 615 1624; x_wconf 84' lang='lat' dir='ltr'>capitum</span> <span class='ocrx_word' id='word_1_218' title='bbox 631 1585 752 1624; x_wconf 86' lang='lat' dir='ltr'>raptus</span> <span class='ocrx_word' id='word_1_219' title='bbox 769 1580 812 1613; x_wconf 90' lang='lat' dir='ltr'>de</span> <span class='ocrx_word' id='word_1_220' title='bbox 830 1580 950 1614; x_wconf 89' lang='lat' dir='ltr'>subere</span> <span class='ocrx_word' id='word_1_221' title='bbox 967 1584 1096 1622; x_wconf 77' lang='lat' dir='ltr'>cortex,</span> 
     </span>
     <span class='ocr_line' id='line_1_35' title="bbox 162 1625 1004 1671; baseline -0.004 -10"><span class='ocrx_word' id='word_1_222' title='bbox 162 1628 359 1671; x_wconf 85' lang='lat' dir='ltr'>AErataeque</span> <span class='ocrx_word' id='word_1_223' title='bbox 375 1626 508 1659; x_wconf 86' lang='lat' dir='ltr'>micant</span> <span class='ocrx_word' id='word_1_224' title='bbox 524 1626 637 1670; x_wconf 83' lang='lat' dir='ltr'>peltae,</span> <span class='ocrx_word' id='word_1_225' title='bbox 654 1626 761 1658; x_wconf 86' lang='lat' dir='ltr'>micat</span> <span class='ocrx_word' id='word_1_226' title='bbox 779 1636 887 1659; x_wconf 91' lang='lat' dir='ltr'>aereus</span> <span class='ocrx_word' id='word_1_227' title='bbox 905 1625 1004 1659; x_wconf 81' lang='lat' dir='ltr'>ensis.</span> 
     </span>
    </p>

    <p class='ocr_par' dir='ltr' id='par_1_5' title="bbox 165 1670 964 1762">
     <span class='ocr_line' id='line_1_36' title="bbox 210 1670 964 1714; baseline -0.003 -8"><span class='ocrx_word' id='word_1_228' title='bbox 210 1673 256 1706; x_wconf 92' lang='lat' dir='ltr'>Et</span> <span class='ocrx_word' id='word_1_229' title='bbox 273 1677 308 1706; x_wconf 83' lang='lat' dir='ltr'>te</span> <span class='ocrx_word' id='word_1_230' title='bbox 323 1675 490 1706; x_wconf 82' lang='lat' dir='ltr'>montosae</span> <span class='ocrx_word' id='word_1_231' title='bbox 505 1672 628 1704; x_wconf 86' lang='lat' dir='ltr'>misere</span> <span class='ocrx_word' id='word_1_232' title='bbox 644 1671 682 1704; x_wconf 89' lang='grc'>111</span> <span class='ocrx_word' id='word_1_233' title='bbox 698 1670 820 1714; x_wconf 79' lang='lat' dir='ltr'>proelia</span> <span class='ocrx_word' id='word_1_234' title='bbox 836 1671 869 1703; x_wconf 83' lang='lat' dir='ltr'>N</span> <span class='ocrx_word' id='word_1_235' title='bbox 871 1682 964 1713; x_wconf 87' lang='lat' dir='ltr'>ersae</span> 
     </span>
     <span class='ocr_line' id='line_1_37' title="bbox 165 1717 954 1771; baseline -0.004 -19"><span class='ocrx_word' id='word_1_236' title='bbox 165 1719 283 1761; x_wconf 88' lang='lat' dir='ltr'>Ufens,</span> <span class='ocrx_word' id='word_1_237' title='bbox 301 1718 474 1771; x_wconf 87' lang='lat' dir='ltr'>insignem</span> <span class='ocrx_word' id='word_1_238' title='bbox 489 1717 584 1750; x_wconf 87' lang='lat' dir='ltr'>fama</span> <span class='ocrx_word' id='word_1_239' title='bbox 601 1721 636 1750; x_wconf 85' lang='lat' dir='ltr'>et</span> <span class='ocrx_word' id='word_1_240' title='bbox 652 1717 812 1750; x_wconf 87' lang='lat' dir='ltr'>felicibus</span> <span class='ocrx_word' id='word_1_241' title='bbox 828 1717 954 1749; x_wconf 83' lang='lat' dir='ltr'>armis:</span> 
     </span>
    </p>
   </div>
   <div class='ocr_carea' id='block_1_3' title="bbox 164 1760 1036 1808">
    <p class='ocr_par' dir='ltr' id='par_1_6' title="bbox 164 1760 1036 1808">
     <span class='ocr_line' id='line_1_38' title="bbox 164 1760 1036 1808; baseline -0.005 -10"><span class='ocrx_word' id='word_1_242' title='bbox 164 1763 315 1798; x_wconf 84' lang='lat' dir='ltr'>Horrida</span> <span class='ocrx_word' id='word_1_243' title='bbox 331 1765 505 1808; x_wconf 86' lang='lat' dir='ltr'>praecipue</span> <span class='ocrx_word' id='word_1_244' title='bbox 521 1763 578 1796; x_wconf 91' lang='lat' dir='ltr'>cui</span> <span class='ocrx_word' id='word_1_245' title='bbox 595 1774 688 1807; x_wconf 83' lang='lat' dir='ltr'>gens,</span> <span class='ocrx_word' id='word_1_246' title='bbox 705 1766 910 1807; x_wconf 85' lang='lat' dir='ltr'>assuetaque</span> <span class='ocrx_word' id='word_1_247' title='bbox 925 1760 1036 1795; x_wconf 88' lang='lat' dir='ltr'>multo</span> 
     </span>
    </p>
   </div>
  </div>
 </body>
</html>
