1345 1927
177 102 244 134 260
465 99 503 133 Ρ.
530 98 733 132 VIRGILII
762 97 976 131 MARONIS

178 168 313 212 Aspice,
331 167 392 212 qui
409 167 535 200 coeant
552 166 681 210 populi,
701 176 777 208 quae
795 165 923 198 moenia
940 163 1066 197 clausis

178 213 323 247 Ferrum
339 217 468 246 acuant
485 213 592 257 portis
610 212 647 244 in
664 222 718 244 me
736 211 981 253 excidiumque
997 205 1179 242 meorum.”

177 259 325 292 Dixerat
338 271 346 300 ;
371 262 406 292 et
423 258 533 291 niveis
550 258 631 290 hinc
648 260 753 300 atque
769 256 851 289 hinc
869 255 950 288 diva
966 254 1104 288 lacertis

180 305 411 338 Cunctantem
428 304 594 348 amplexu
610 302 706 336 molli
724 303 827 335 fovet.
877 301 942 334 Ille
958 304 1101 344 repente

179 350 325 394 Accepit
343 350 479 383 solitam
495 349 672 382 flammam
690 360 698 388 ;
723 352 895 391 notusque
911 345 1082 380 medullas

181 396 333 430 Intravit
350 395 451 438 calor,
470 399 504 428 et
521 394 695 428 labefacta
712 405 772 438 per
790 404 865 426 ossa
881 392 1037 426 cucurrit
1053 403 1060 424 :
1232 389 1300 423 390

179 441 212 475 N
215 453 258 475 on
276 452 373 475 secus
391 445 497 484 atque
514 440 606 482 olim,
624 440 759 473 tonitru
776 450 885 483 quum
901 442 1007 482 rupta
1024 446 1162 470 corusco

181 487 290 531 Ignea
306 487 395 520 rima
411 486 544 519 micans
560 485 731 529 percurrit
749 484 882 517 lumine
899 482 1042 517 nimbos.

181 532 296 566 Sensit
312 532 393 565 laeta
410 531 497 564 dolis
514 535 550 564 et
565 531 684 563 formae
702 529 838 563 conseia
854 530 991 572 conjux.

181 577 270 611 Tum
286 582 387 619 pater
404 580 531 610 aeterno
547 576 643 609 fatur
660 575 843 608 devinctus
859 586 974 608 amore
990 586 997 608 ε

183 620 200 635 “
213 619 304 659 Quid
322 630 442 652 causas
461 619 549 663 petis
567 631 610 652 ex
627 619 699 663 alto
713 619 725 653 '3
751 620 880 654 fiducia
896 620 997 653 cessit

183 660 257 701 Quo
275 661 351 704 tibi,
370 661 460 703 diva,
476 662 544 695 mei
559 661 571 695 ’.ἱ
597 661 726 695 Similis
744 662 772 694 si
790 673 873 695 cura
889 662 1023 704 fuisset,

182 705 270 738 Tum
288 717 424 750 quoque
441 706 494 739 fas
510 707 608 740 nobis
626 707 773 740 Teucros
789 718 922 740 armare
938 707 1062 740 fuisset
1078 719 1088 748 ;

181 751 215 784 N
217 763 254 784 ec
272 751 377 785 Pater
394 752 611 796 omnipotens
628 752 775 796 Trojam,
793 764 856 786 nec
873 753 948 786 fata
964 752 1132 786 vetabant

182 796 291 840 Stare,
309 797 495 841 decemque
512 798 596 832 alios
615 798 794 832 Priamum
811 810 985 843 superesse
1002 809 1063 843 per
1079 809 1195 832 annos

181 842 228 875 Et
245 854 350 885 nunc,
368 843 396 876 si
413 843 541 877 bellare
558 855 669 887 parim,
687 848 792 888 atque
808 844 883 878 haec
900 844 965 878 tibi
981 855 1079 878 mens
1096 848 1158 887 est,
1232 844 1300 876 400

182 888 360 932 Quidquid
378 889 415 921 in
433 893 507 922 arte
523 900 600 922 mea
617 900 756 933 possum
773 890 974 934 promittere
991 900 1093 932 curae,

182 934 281 974 Quod
298 934 372 967 fieri
388 935 478 968 ferro
495 934 670 978 liquidove
687 939 802 979 potest
818 935 954 978 electro,

182 979 361 1020 Quantum
377 980 475 1023 ignes
492 981 687 1024 animaeque
703 981 822 1014 valent
837 994 845 1022 ;
870 981 997 1015 absiste
1014 980 1185 1026 precando

181 1025 321 1058 Viribus
338 1025 537 1058 indubitare
555 1025 657 1059 tuis.'’
706 1026 757 1060 Ea
775 1027 878 1060 verba
895 1027 1031 1060 locutus

182 1070 328 1115 Optatos
345 1071 442 1104 dedit
459 1071 651 1114 amplexus,
668 1071 916 1115 placidumque
933 1071 1060 1116 petivit

182 1116 345 1160 Conjugis
362 1117 498 1150 infusus
516 1116 646 1160 gremio
663 1128 724 1161 per
739 1117 894 1151 membra
911 1129 1076 1162 soporem.

228 1163 315 1196 Inde
332 1162 393 1195 ubi
410 1162 523 1206 prima
540 1162 637 1206 quies
653 1163 767 1196 medio
779 1164 854 1207 jam
871 1164 982 1197 noctis
998 1163 1130 1197 abactae

182 1208 360 1242 Curriculo
377 1208 561 1252 expulerat
578 1219 736 1241 somnum
753 1221 761 1249 ;
787 1220 895 1252 quum
912 1209 1042 1243 femina
1059 1209 1220 1254 primum,

182 1254 245 1287 Cui
262 1254 408 1287 tolerare
425 1253 499 1287 colo
516 1254 625 1287 vitam
643 1255 810 1298 tenuique
827 1255 988 1289 Minerva

181 1299 399 1344 Impositum,
417 1300 566 1333 cinerem
583 1304 619 1333 et
636 1300 764 1344 sopitos
781 1301 925 1334 suscitat
941 1301 1038 1345 ignes
1233 1302 1301 1334 410

180 1345 328 1378 Noctem
345 1345 475 1378 addens
493 1346 587 1389 operi
604 1358 612 1386 ;
636 1346 855 1390 famulasque
871 1347 916 1380 ad
933 1346 1067 1380 lumina
1084 1346 1186 1390 longo

181 1390 329 1424 Exercet
345 1402 460 1435 penso,
478 1395 613 1424 castum
629 1396 670 1425 ut
688 1403 822 1426 servare
839 1391 953 1426 cubile
1179 1408 1183 1411 ·

181 1436 355 1480 Conjugis,
372 1441 407 1470 et
423 1437 531 1480 possit
547 1449 670 1481 parvos
687 1437 831 1472 educere
848 1442 948 1472 natos
962 1450 969 1471 :

181 1481 289 1515 Haud
306 1494 402 1515 secus
419 1482 616 1526 ignipotens
633 1494 697 1517 nec
714 1487 867 1528 tempore
885 1484 1020 1528 segnior
1036 1483 1096 1517 illo

181 1527 347 1561 Mollibus
365 1539 384 1561 e
401 1528 518 1561 stratis
535 1540 639 1572 opera
655 1529 700 1562 ad
717 1529 857 1562 fabrilia
874 1530 996 1574 surgit.

183 1573 305 1606 Insula
322 1573 500 1606 Sicanium
511 1575 618 1617 juxta
634 1574 727 1608 latus
743 1575 963 1619 AEoliamque

181 1619 338 1662 Erigitur
354 1619 513 1663 Liparen,
530 1620 748 1654 fumantibus
765 1621 875 1654 ardua
892 1621 984 1654 saxis
1000 1633 1008 1655 :

183 1664 296 1705 Quam
313 1664 431 1698 subter
448 1676 569 1709 specus
587 1670 621 1699 et
640 1666 829 1710 Cyclopum
846 1678 949 1700 exesa
965 1666 1110 1700 caminis

181 1710 294 1743 Antra
310 1710 450 1744 AEtnaea
467 1715 601 1753 tonant,
619 1712 795 1755 validique
812 1711 996 1745 incudibus
1013 1713 1104 1745 ictus

181 1755 305 1789 Auditi
321 1756 478 1789 referunt
494 1757 674 1800 gemitum,
692 1758 914 1802 striduntque
931 1758 1088 1792 cavernis
1231 1759 1300 1792 420
