1330 1932
413 26 647 61 'AENEIDOS
672 28 759 62 LIB.
785 28 854 63 111.
1142 31 1206 63 139

93 91 203 135 Surge
219 102 293 135 age,
310 94 346 125 et
361 91 436 125 haec
452 92 554 126 laetus
569 92 726 136 longaevo
743 93 838 127 dicta
853 94 992 138 parenti

93 137 200 170 Haud
217 137 411 171 dubitanda
427 138 533 171 refer:
551 138 741 181 Corythum
758 142 935 182 terrasque
951 140 1106 184 requirat
1139 140 1206 174 170

91 182 272 216 Ausonias.
311 183 446 216 Dictaea
462 187 568 227 negat
585 184 651 216 tibi
667 184 811 228 Jupiter
827 184 933 219 arva.’

91 227 233 261 Talibus
249 229 420 262 attonitus
437 229 519 262 visis
535 240 575 262 ac
592 240 674 262 voce
691 229 892 273 deorum,—

91 273 164 306 Nec
181 285 279 317 sopor
295 274 384 307 illud
400 278 474 307 erat
489 287 497 315 ;
522 275 581 307 sed
598 286 711 308 coram
727 286 910 318 agnoscere
927 276 1056 319 vultus,

91 318 300 362 Velatasque
317 331 439 362 comas,
456 321 707 364 praesentiaque
721 332 779 354 ora
797 321 939 354 videbar
952 334 961 362 3

91 363 180 397 Tum
196 364 331 408 gelidus
347 369 420 398 toto
437 365 602 399 manabat
619 377 757 409 corpore
775 366 878 399 sudor
891 379 946 400 :—

90 409 242 454 Corripio
259 421 278 443 e
295 410 410 443 stratis
428 422 559 455 corpus,
576 411 751 454 tendoque
768 412 910 455 supinas

88 455 144 488 Ad
162 455 287 488 coelum
304 467 384 488 cum
400 467 482 489 voce
497 468 631 500 manus,
649 460 683 490 et
699 469 844 491 munera
860 457 930 492 libo

90 500 303 534 Intemerata
318 502 411 535 focis.
452 501 609 535 Perfecto
626 502 727 536 laetus
744 503 872 536 honore

88 546 264 580 Anchisen
280 547 370 580 facio
387 551 530 590 certum,
547 559 688 592 remque
705 548 824 581 ordine
840 549 963 592 pando.

89 592 243 635 Agnovit
259 592 390 636 prolem
407 593 605 636 ambiguam
622 594 844 637 geminosque
861 598 1030 638 parentes,
1136 597 1203 629 180

89 637 199 681 Seque
215 649 303 671 novo
320 643 476 671 veterum
493 639 677 682 deceptum
694 651 805 673 errore
821 640 982 674 locorum.

89 682 179 716 Tum
193 687 379 716 memorat:
408 687 417 702 ‘
428 686 459 718 N
461 690 527 719 ate.
535 687 662 720 iliacis
681 688 832 721 exercite
849 688 942 731 fatis,

89 727 168 762 Sola
184 729 271 761 mihi
288 728 374 762 tales
392 740 489 762 casus
507 729 697 762 Cassandra
713 731 869 762 canebat.

87 773 122 806 N
123 785 191 806 unc
207 778 335 818 repeto,
352 775 428 807 haec
445 775 563 817 generi
579 775 782 818 portendere
799 774 915 808 debita
931 779 1057 819 nostro,

87 819 134 852 Et
151 831 241 863 saepe
259 819 472 863 Hesperiam,
491 831 579 864 saepe
597 820 689 853 Itala
704 831 813 863 regna
830 831 959 854 vocare.

88 864 155 898 Sed
172 865 249 909 quis
266 865 310 898 ad
329 866 504 909 Hesperiae
522 869 685 898 venturos
701 865 804 899 litora
820 865 967 899 Teucros

88 910 270 944 Crederet?
295 915 358 944 aut
376 922 479 954 quem
496 915 571 944 tum
587 915 684 944 vates
701 911 891 945 Cassandra
906 912 1082 946 moveret?

88 956 256 990 Cedamus
274 956 412 999 Phoebo,
430 960 465 990 et
481 957 605 990 moniti
620 957 762 990 meliora
779 957 983 1001 sequamur.'

87 1001 143 1035 Sic
160 1003 227 1036 ait:
253 1006 288 1035 et
305 1003 423 1035 cuncti
440 1003 533 1036 dicto
549 1014 710 1046 paremus
727 1008 877 1036 ovantes.

87 1047 190 1091 Hanc
207 1059 343 1092 quoque
361 1048 548 1081 deserimus
565 1049 689 1091 sedem,
706 1049 895 1093 paucisque
910 1049 1040 1083 relictis
1137 1052 1201 1083 190

87 1093 174 1126 Vela
191 1094 322 1137 damus,
340 1098 546 1138 vastumque
563 1105 647 1127 cava
664 1094 762 1128 trabe
779 1095 949 1128 currimus
966 1107 1090 1139 aequor.

130 1141 149 1157 “
161 1139 350 1181 Postquam
367 1138 479 1171 altum
500 1146 643 1173 tenuere
660 1142 761 1179 rates,
779 1150 842 1172 nec
855 1140 930 1181 jam
947 1139 1098 1182 amplius
1117 1140 1200 1172 ullae

85 1184 266 1227 Apparent
282 1187 393 1225 terrae,
411 1182 538 1216 coelum
553 1183 709 1226 undique
726 1187 761 1216 et
778 1183 933 1227 undique
949 1188 1077 1227 pontus
1091 1196 1100 1225 ;

85 1229 175 1262 Tum
191 1229 278 1261 mihi
296 1228 462 1261 caeruleus
479 1240 583 1272 supra
600 1232 706 1272 caput
723 1228 860 1262 adstitit
877 1229 995 1272 imber,

85 1275 234 1308 Noctem
250 1274 469 1318 hiememque
485 1274 608 1317 ferens,
625 1279 660 1307 et
676 1274 851 1307 inhorruit
868 1275 962 1308 unda
979 1274 1138 1308 tenebris.

87 1320 258 1353 Continuo
274 1319 372 1353 venti
388 1319 534 1352 volvunt
550 1331 654 1362 mare,
671 1330 868 1363 magnaque
886 1324 1035 1363 surgunt

85 1366 239 1410 AEquora
253 1378 262 1406 ;
287 1365 432 1408 dispersi
443 1366 620 1408 jactamur
635 1365 775 1408 gurgite
792 1370 898 1399 vasto.

86 1411 267 1445 Involvere
285 1411 376 1444 diem
393 1409 511 1452 nimbi,
530 1415 565 1444 et
581 1422 651 1444 nox
667 1411 813 1444 humida
830 1411 956 1444 coelum

85 1457 242 1490 Abstulit
257 1469 265 1498 ;
289 1456 509 1500 ingeminant
525 1456 682 1501 abruptis
698 1456 849 1490 nubibus
866 1457 972 1500 ignes.

85 1503 296 1536 Excutimur
312 1513 426 1545 cursu,
443 1505 478 1535 et
495 1502 593 1535 caecis
610 1513 763 1535 erramus
779 1502 817 1534 iri
833 1503 946 1536 undis.
1133 1505 1201 1536 200

87 1549 166 1592 Ipse
183 1548 274 1582 diem
290 1552 496 1591 noctemque
512 1552 618 1591 negat
635 1547 826 1581 discernere
843 1548 937 1589 coelo,

86 1594 120 1628 N
121 1606 160 1627 ec
175 1594 371 1627 meminisse
388 1594 454 1626 viae
470 1593 586 1626 media
602 1593 788 1626 Palinurus
804 1593 841 1626 in
858 1594 962 1628 unda.

87 1639 168 1673 Tres
185 1640 270 1673 adeo
287 1640 435 1673 incertos
452 1650 543 1672 caeca
559 1639 707 1682 caligine
724 1639 809 1672 soles

87 1685 251 1720 Erramus
267 1685 399 1729 pelago,
416 1685 563 1719 totidem
579 1685 653 1719 sine
669 1685 778 1719 sidere
794 1688 921 1719 noctes.

0 1820 380 1932 l„—
