1345 1927
415 42 632 76 AENEIDOS
657 42 743 75 LIB.
769 42 795 74 Ι.
1118 42 1160 73 93

51 109 241 153 Disjectam
256 108 375 143 AEneae
391 113 465 143 toto
482 109 577 142 videt
594 120 729 152 aequore
747 108 899 150 classem,

51 154 232 188 Fluctibus
249 166 424 198 oppressos
441 155 545 188 Troas
562 155 707 198 coelique
723 154 826 187 ruina
839 166 848 194 ;
1042 193 1049 197 .

51 200 123 234 Nec
140 198 272 234 latuere
289 199 359 233 doli
375 200 519 234 fratrem
535 200 561 233 J
562 201 686 233 unonis
703 205 739 233 et
754 199 823 232 irae.
1098 199 1162 231 130

50 245 185 279 Eurum
201 246 246 279 ad
263 257 298 279 se
315 244 581 289 Zephyrumque
598 250 698 278 vocat
713 258 720 286 3
739 245 864 278 dehinc
881 243 968 277 talia
984 244 1079 277 fatur
1093 255 1100 277 ;

52 292 240 325 “Tantane
255 302 315 324 vos
331 291 466 333 generis
483 291 597 323 tenuit
613 290 741 323 fiducia
757 289 862 323 vestri
876 289 888 322 ’.ἱ

50 335 76 369 J
77 347 133 368 am
150 334 274 368 coelum
289 338 485 378 terramque
500 345 576 367 meo
593 334 667 367 sine
683 334 836 377 numine,
850 333 966 377 Venti,

51 380 195 414 Miscere
211 384 246 413 et
262 383 379 414 tantas
396 379 531 413 audetis
547 379 668 413 tollere
683 379 790 412 moles
804 379 816 413 ‘l
998 379 1000 382 ’

51 426 142 467 Quos
158 425 335 469 ego—Sed
351 429 460 458 motos
477 429 620 469 praestat
637 436 838 477 componere
854 424 992 458 fluctus.

50 471 133 505 Post
148 471 234 504 1111111
250 482 321 504 11011
337 470 442 504 51111111
457 482 560 523 poena
577 471 756 504 commissa.
771 471 885 504 luetis

50 517 227 550 Maturate
243 517 375 560 fugam,
392 517 536 560 regique
552 516 627 549 haec
644 516 749 550 dicite
765 522 900 550 vestro:

49 563 128 596 Non
143 562 222 595 1111
212 562 398 606 imperium
414 562 530 606 pelagi
547 573 744 606 saevumque
761 562 959 604 tridentem,

49 608 116 641 Sed
132 607 220 640 mihi
238 612 327 641 sorte
343 607 474 641 datum.
523 607 632 640 Tenet
647 607 707 640 ille
723 607 890 641 immania
907 618 1000 650 saxa,

50 654 199 696 Vestras,
215 653 318 696 Eure,
335 653 452 686 domos
465 665 474 694 ;
498 653 560 686 illa
577 664 611 686 se
623 654 735 697 jactet
750 653 788 686 in
805 653 887 686 aula
1098 655 1161 686 140

48 699 180 743 AEolus‚
197 703 233 732 et
249 699 365 732 clauso
382 703 565 732 ventorum
582 710 715 732 carcere
731 701 888 742 regnet.”

49 744 105 778 Sic
122 745 181 787 ait,
199 749 234 778 et
251 744 342 777 dicto
360 744 463 777 citius
480 744 617 777 tumida
633 756 771 787 aequora
787 744 913 788 placat,

50 790 284 834 Collectasque
301 790 402 832 fugat
418 789 536 832 nubes,
555 789 727 833 solemque
743 790 888 823 reducit.

48 836 236 879 Cymothoe
254 835 357 868 simul
374 840 409 868 et
426 835 544 868 Triton
562 835 712 868 adnixus
729 839 830 868 acuto

47 881 250 915 Detrudunt
265 892 370 914 naves
388 880 527 924 scopulo
543 893 550 921 ;
574 881 669 914 levat
685 881 758 924 ipse
775 880 930 923 tridenti,

48 927 95 960 Et
111 932 226 961 vastas
242 927 354 971 aperit
371 931 489 970 syrtes,
507 932 542 959 et
559 931 730 970 temperat
747 938 886 970 aequor,
878 939 885 945 ·

46 972 162 1016 Atque
178 972 262 1006 rotis
279 983 430 1005 summas
446 971 580 1005 levibus
596 972 788 1017 perlabitur
804 972 924 1005 undas.

47 1019 98 1052 Ac
114 1018 225 1052 veluti
240 1029 366 1061 magno
383 1018 420 1050 in
436 1018 564 1070 populo
582 1029 690 1061 quum
707 1029 796 1062 saepe
814 1023 929 1051 coorta
945 1022 996 1051 est

47 1063 186 1107 seditio,
204 1064 371 1108 saevitque
387 1063 511 1097 animis
529 1063 680 1107 ignobile
697 1064 847 1107 vulgus;

47 1110 197 1154 Jamque
213 1110 305 1143 faces
322 1113 356 1142 et
374 1121 457 1142 saxa
473 1109 615 1150 volant3
639 1110 735 1142 furor
751 1121 847 1143 arma
863 1109 1059 1143 ministrat:
1097 1112 1160 1143 150

46 1155 144 1198 Tum,
161 1156 291 1199 pietate
307 1166 448 1198 gravem
465 1166 504 1188 ac
520 1136 652 1188 meri'tis
670 1155 698 1188 si
714 1156 802 1189 forte
818 1156 932 1188 virum
950 1167 1053 1199 quem

48 1200 269 1245 Conspexere,
287 1201 399 1244 silent,
417 1201 627 1244 arrectisque
643 1201 784 1234 auribus
802 1201 942 1234 adstant
957 1214 965 1242 3

49 1246 119 1280 Iste
135 1247 226 1290 regit
243 1247 345 1280 dictis
361 1247 502 1287 animos,
521 1251 556 1280 et
572 1251 712 1290 pectora
727 1246 858 1280 mulcet
873 1259 879 1280 :

46 1291 103 1325 Sic
120 1297 266 1326 cunctus
282 1291 398 1336 pelagi
416 1292 541 1326 ceeidjt
558 1292 683 1335 fragor,
701 1303 838 1336 aequora
855 1297 1039 1336 postquam

46 1337 262 1381 Prospiciens
279 1337 425 1381 genitor,
443 1338 595 1381 coeloque
612 1338 770 1371 invectus
787 1344 916 1381 aperto,

46 1383 175 1416 Flectit
191 1395 305 1427 equos,
323 1394 496 1426 curruque
513 1383 632 1416 volans
650 1383 711 1417 dat
727 1384 800 1417 lora
817 1384 976 1417 secundo.

91 1429 227 1462 Defessi
242 1429 418 1472 AEneadae,
436 1440 513 1472 quae
530 1429 697 1473 proxima,
715 1429 819 1463 litora
835 1441 939 1463 cursu

46 1473 269 1508 Contendunt
285 1479 411 1519 petere,
429 1480 463 1507 et
481 1474 545 1507 Lib
546 1486 598 1518 5ae
614 1480 800 1508 vertuntur
816 1475 860 1508 ad
877 1486 961 1510 oras.

45 1520 136 1554 Est
126 1532 164 1553 m
181 1532 314 1554 secessu
330 1521 432 1564 longo
449 1487 567 1561 100115);
591 1520 707 1554 insula
722 1526 862 1565 portum

45 1565 163 1599 Efficit
179 1566 316 1610 objectu
332 1566 492 1610 laterum,
510 1547 635 1610 quibus
652 1567 762 1600 omnis
779 1567 822 1600 ab
839 1567 910 1600 alto
1096 1569 1160 1601 160

46 1611 260 1655 Frangitur*
251 1623 357 1656 mque
374 1612 468 1645 sinus
486 1613 613 1646 scindit
630 1624 701 1646 sese
717 1613 813 1646 unda
828 1613 996 1647 reductos.

47 1640 161 1691 Η11κεο
157 1662 262 1702 atque
278 1658 360 1691 hinc
377 1664 483 1692 vastae
500 1670 602 1703 rupes
618 1659 816 1703 geminique
832 1659 1012 1693 minantur

47 1701 90 1736 In
107 1703 231 1737 coelum
249 1704 388 1748 scopuli,
407 1716 553 1748 quorum
570 1704 633 1738 sub
649 1705 777 1739 vertice
794 1705 865 1740 late
