1330 1932
383 69 601 104 AENEIDOS
627 71 715 105 LIB.
744 72 821 105 VII.
1092 74 1159 107 237

51 136 142 178 Quin
158 136 265 170 etiam
280 137 316 170 in
335 138 448 181 silvas,
467 139 628 172 simulato
645 139 788 172 numine
805 139 945 183 Bacchi,

48 182 164 226 Majus
181 183 301 216 adorta
317 184 423 225 nefas,
440 186 672 227 majoremque
689 196 764 218 orsa
781 185 931 218 furorem

47 228 180 270 Evolat,
200 232 234 260 et
251 233 370 261 natam
388 230 555 262 frondosis
572 230 746 262 montibus
764 230 861 263 abdit
876 243 884 270 3

48 273 122 313 Quo
139 273 334 306 thalamum
351 275 476 318 eripiat
493 275 641 317 Teucris,
660 276 836 319 taedasque
853 279 1006 308 moretur
1020 286 1028 309 2

46 317 131 350 Evoe
148 318 292 360 Bacche,
309 320 468 362 fremens,
487 320 597 352 solum
614 324 649 353 te
667 321 801 363 virgine
819 321 974 364 dignum,

47 362 246 396 Vociferans
261 376 270 404 3
295 365 423 397 etenim
440 365 559 398 molles
577 365 640 397 tibi
659 377 791 399 sumere
809 366 953 409 thyrsos,
1091 369 1159 400 390

47 408 94 441 Te
110 409 258 442 lustrare
275 410 386 452 choro,
401 421 536 443 sacrum
553 410 617 443 tibi
635 423 772 454 pascere
789 412 928 444 crinem.

45 453 153 487 Fama
169 454 264 487 volat
277 467 285 495 ;
310 455 492 499 Furiisque
508 467 667 489 accensas
684 461 821 500 pectore
837 460 965 490 matres

46 498 144 531 Idem
160 511 276 532 omnes
294 500 396 533 simul
414 501 515 533 ardor
531 501 615 544 agit,
632 513 721 535 nova
738 513 890 546 quaerere
907 506 1010 537 tecta.

45 543 231 577 Deseruere
248 545 364 578 domos
379 558 387 587 3
413 547 525 579 ventis
544 547 629 580 dant
646 547 734 580 colla
751 559 941 590 comasque.

44 589 109 622 Ast
126 589 202 622 aliae
219 591 376 624 tremulis
394 591 587 625 ululatibus
606 592 736 625 aethera
753 593 937 636 complent,

45 634 320 679 Pampineasque
336 641 464 679 gerunt
480 637 642 670 incinctae
659 638 807 681 pellibus
824 639 950 672 hastas.

45 679 126 723 Ipsa
142 680 234 713 inter
249 682 380 714 medias
396 682 601 725 flagrantem
617 683 752 716 fervida
768 683 891 727 pinum

45 724 210 768 Sustinet,
228 737 268 759 ac
285 731 376 759 natae
394 727 570 770 Turnique
588 728 682 761 canit
698 728 905 771 hymenaeos,

45 769 279 814 Sanguineam
295 775 457 814 torquens
474 773 583 805 aciem
597 785 606 813 3
630 777 836 816 torvumque
853 777 994 816 repente

42 814 182 848 Clamat
197 825 205 848 z
231 816 250 831 “
262 816 303 848 Io
320 819 458 858 matres,
476 816 606 857 audite,
623 816 684 849 ubi
701 828 857 860 quaeque,
875 817 1008 850 Latinae
1025 828 1031 848 :
1092 815 1160 846 400

45 858 81 891 Si
98 870 166 902 qua
182 858 248 902 piis
265 860 389 892 animis
405 864 525 892 manet
541 860 689 892 infelicis
707 860 841 893 Amatae

45 904 173 946 Gratia,
192 904 220 936 si
232 905 322 947 juris
338 905 487 938 materni
504 916 587 938 cura
602 905 774 938 remordet
789 918 797 946 ;

44 948 173 982 Solvite
190 950 334 983 crinales
352 950 468 993 vittas,
486 951 600 994 capite
617 951 712 994 orgia
727 952 889 984 mecum.”

90 993 208 1027 Talem
224 995 316 1028 inter
332 995 444 1038 silvas,
463 996 555 1029 inter
571 996 706 1029 deserta
722 996 884 1039 ferarum,

46 1039 215 1083 Reginam
231 1040 367 1074 Allecto
385 1041 534 1074 stimulis
551 1041 624 1084 agit
641 1041 795 1084 undique
811 1041 951 1075 Bacchi.

45 1084 233 1128 Postquam
249 1086 323 1119 visa
339 1086 422 1119 satis
438 1087 565 1130 primos
582 1087 714 1120 acuisse
730 1086 872 1129 furores,

45 1130 301 1174 Consiliumque
318 1143 522 1175 omnemque
539 1132 680 1165 domum
697 1133 839 1165 vertisse
856 1132 974 1165 Latini
988 1143 996 1166 z

44 1174 213 1209 Protenus
229 1176 311 1209 hinc
327 1177 432 1210 fuscis
449 1177 558 1210 tristis
575 1178 640 1210 dea
656 1177 792 1210 tollitur
808 1177 871 1210 alis

43 1220 195 1254 Audacis
214 1222 338 1255 Rutuli
355 1222 399 1255 ad
415 1233 530 1255 muros
545 1235 552 1256 z
577 1234 682 1266 quam
699 1223 828 1255 dicitur
843 1221 965 1256 urbem

43 1266 250 1299 Acrisioneis
266 1267 387 1300 Danae
405 1267 568 1301 fundasse
585 1267 722 1309 colonis,
1090 1270 1158 1301 410

43 1310 222 1355 Praecipiti
238 1311 354 1345 delata
369 1316 461 1345 noto.
509 1313 619 1346 Locus
637 1312 751 1345 Ardea
768 1312 944 1356 quondam

42 1355 167 1389 Dictus
184 1356 258 1389 avis
272 1369 280 1397 ;
305 1361 340 1390 et
357 1368 451 1390 nunc
467 1369 635 1400 magnum
651 1361 770 1390 manet
786 1358 901 1391 Ardea
917 1369 1042 1393 nomen
1056 1370 1066 1399 ;

43 1401 111 1434 Sed
127 1402 268 1435 fortuna
284 1402 362 1435 fuit.
411 1401 525 1436 Tectis
542 1403 599 1435 hic
616 1402 752 1435 Turnus
768 1403 806 1435 in
823 1403 903 1436 altis

43 1446 127 1479 Jam
143 1447 294 1480 mediam
310 1448 411 1490 nigra
427 1447 589 1491 carpebat
606 1451 706 1481 nocte
723 1448 884 1491 quietem.

43 1491 178 1525 Allecto
195 1496 330 1526 torvam
347 1493 471 1526 faciem
489 1497 524 1526 et
540 1492 680 1526 furialia
696 1493 850 1526 membra

44 1536 154 1570 Exuit
168 1550 178 1578 3
202 1537 240 1570 in
257 1538 376 1571 vultus
394 1549 465 1571 sese
482 1538 706 1572 transformat
723 1538 841 1581 aniles,

43 1581 92 1615 Et
106 1582 257 1616 frontem
274 1583 456 1616 obscenam
472 1583 568 1627 rugis
585 1587 661 1616 arat
675 1596 684 1624 ;
708 1583 826 1616 induit
843 1584 937 1617 albos

46 1626 132 1660 Cum
149 1628 239 1661 vitta
255 1629 366 1661 crines
381 1641 390 1669 ;
415 1632 492 1662 tum
508 1640 644 1662 ramum
660 1629 809 1662 innectit
826 1629 926 1662 olivae
941 1641 950 1670 ;

43 1671 103 1705 Fit
120 1672 248 1716 Calybe
265 1673 290 1707 J
292 1674 416 1706 unonjs
434 1685 520 1707 anus
537 1674 730 1718 templique
747 1674 902 1708 sacerdos
917 1687 925 1715 3

43 1716 90 1751 Et
103 1718 227 1761 juveni
244 1722 325 1753 ante
343 1719 458 1753 oculos
473 1719 528 1753 his
545 1730 580 1753 se
597 1730 677 1753 cum
693 1719 836 1753 vocibus
851 1719 950 1753 offert
964 1731 972 1754 :
1089 1721 1157 1753 420
