1320 1932
555 70 718 105 CULEX.

83 136 337 180 Languidaque
353 136 459 170 effuso
474 138 678 181 requierunt
693 138 847 172 membra
865 150 992 184 sopore,

84 182 224 225 Effigies
240 182 285 216 ad
302 194 382 215 eum
400 183 527 216 Culicis
544 183 694 226 devenit,
712 187 748 217 et
763 184 816 217 illi

84 227 207 261 Tristis
223 226 267 261 ab
283 232 412 262 eventu
429 229 556 262 cecinit
573 230 730 262 convicia
746 230 876 263 mortis.

85 273 226 316 Inquit:
252 273 374 314 “Quid
390 274 542 315 meritus,
561 274 605 308 ad
625 285 701 318 quae
719 273 853 306 delatus
869 273 1007 306 acerbas

84 318 193 361 Cogor
209 319 305 352 adire
321 319 435 353 vices?
461 319 536 352 Tua
552 319 636 352 dum
652 319 740 351 1111111
757 318 868 351 031101
884 318 960 362 ipsa

83 363 167 397 Vita
183 364 253 398 fuit
269 365 352 407 vita,
365 365 481 409 rapior
496 376 557 409 per
573 364 693 398 inania
709 364 831 397 ventis.

83 409 136 443 Tu
152 409 267 443 lentus
283 410 415 444 refoves
426 410 586 453 jucunda
602 410 755 443 membra
772 410 898 453 quiete,

83 455 233 499 Ereptus
250 456 349 489 tetris
366 467 385 489 e
402 456 579 489 cladibus.
604 460 642 489 at
658 467 735 489 mea
751 467 870 488 manes

83 500 225 534 Viscera
241 501 398 534 Lethaeas
415 506 546 545 cogunt
563 505 743 534 transnare
760 512 822 544 per
838 501 950 534 undas
966 514 973 542 ;

82 545 205 579 Praeda
222 547 403 580 Charontis
420 559 510 590 agor.
553 546 676 580 Viden’
694 551 736 579 ut
752 547 938 590 flagrantia
955 547 1054 580 taedis

81 591 232 625 Lumina
249 593 421 626 collucent
437 592 572 626 infestis
589 592 705 625 omnia
721 592 860 636 templis
875 605 884 633 ;

83 637 193 671 Obvia
210 638 404 682 Tisiphone,
422 638 638 682 serpentibus
656 638 811 681 undique
828 642 951 679 comta,

81 683 129 716 Et
145 684 302 717 flammas
318 688 353 716 et
371 695 460 717 saeva
477 684 592 727 quatit
609 683 697 716 mihi
713 683 855 717 verbera
870 695 991 727 poenae,

83 729 249 762 Cerberus
266 734 301 763 et
318 729 401 763 diris
417 729 543 772 flag1at
559 729 745 762 latratibus
762 740 829 771 ora,

81 774 265 818 Anguibus
281 775 364 808 hinc
380 779 484 827 atque
502 775 583 808 hinc
601 775 742 808 horrent
759 775 815 807 cui
832 775 921 808 (30113
937 775 1083 818 reflexis,

81 819 338 864 Sanguineique
354 821 486 854 micant
503 833 541 853 31
542 821 658 854 dorem
675 821 817 853 luminis
834 820 939 854 orbes.

81 865 181 899 Heu!
209 866 293 909 quid
310 866 354 899 ab
371 866 481 899 officio
498 867 651 909 digressa
667 870 719 898 est
736 866 860 909 glatia,
877 877 985 910 quum
1002 870 1037 899 te

81 911 235 944 Restitui
251 911 383 956 superis
399 912 488 945 leti
473 923 549 955 Jam
566 912 686 944 limine
703 911 746 944 ab
763 911 859 955 ipso?

80 955 229 990 Praemia
246 961 328 990 sunt
344 957 485 1001 pietatis
501 957 572 1000 ubi,
589 957 730 1001 pietatis
747 957 893 991 honores
907 956 920 991 2

81 1002 124 1035 In
141 1014 247 1036 vanas
264 1002 377 1036 abiere
394 1003 508 1044 vices3
534 1008 569 1036 et
585 1014 664 1036 rure
679 1002 820 1036 recessit

81 1048 106 1082 J
108 1048 237 1081 ust1t1ae
254 1049 348 1092 prior
363 1049 425 1082 1113
441 1049 535 1082 fides.
584 1049 759 1081 Instantia
776 1048 848 1081 vidi

79 1093 244 1135 Alterius,
262 1094 335 1127 sine
350 1098 510 1138 respectu
525 1105 604 1127 mea
619 1094 694 1127 fata
709 1093 908 1137 relinquens
923 1106 931 1135 ;

79 1138 136 1172 Ad
153 1139 278 1183 pariles
295 1151 378 1182 agor
394 1144 558 1180 eventus3
582 1139 623 1172 fit
640 1151 742 1183 poena
756 1140 904 1172 merenti
918 1152 927 1180 3

81 1183 189 1218 Poena
204 1185 246 1218 fit
263 1185 410 1218 exitium
425 1197 431 1218 :
456 1185 557 1218 modo
575 1185 620 1218 sit
637 1185 721 1217 dum
738 1188 838 1228 grata
855 1185 1017 1219 voluntas
1033 1186 1039 1218 !

79 1229 238 1264 Exsistat
254 1242 317 1275 par
334 1230 502 1264 officium!
545 1230 649 1263 Feror
665 1231 744 1264 avia
761 1241 913 1274 carpens,

80 1275 171 1309 Avia
188 1276 387 1309 Cimmerios
404 1276 499 1312 inter
512 1275 681 1309 distantia
697 1276 802 1319 lucos,

81 1321 192 1362 Quem
209 1322 300 1355 circa
315 1322 432 1355 tristes
449 1322 638 1355 densentur
653 1322 691 1354 in
708 1322 824 1355 omnia
840 1333 960 1365 poenae.

79 1366 171 1400 Nam
187 1367 326 1401 vinctus
344 1367 440 1401 sedet
455 1367 617 1400 immanis
635 1367 850 1411 serpentibus
868 1367 960 1411 Otos,

79 1412 291 1446 Devinetum
307 1417 448 1446 maestus
465 1413 586 1457 procul
603 1413 771 1457 aspiciens
789 1413 987 1457 Ephialten,

81 1458 204 1492 Conati
220 1470 329 1503 quum
346 1459 418 1492 sint
434 1459 608 1503 quondam
624 1459 818 1492 rescindere
834 1460 1006 1492 mundum
1020 1472 1029 1501 3

79 1503 127 1538 Et
144 1505 271 1548 Tityos,
289 1505 432 1548 Latona,
450 1510 521 1538 tuae
537 1515 667 1537 memor
683 1505 809 1538 anxius
826 1505 943 1548 irae,—

81 1549 316 1594 Implacabih's
333 1551 385 1584 ira
401 1551 643 1594 nimis—jacet
660 1550 754 1584 alitis
771 1562 856 1584 esca.

80 1595 221 1629 Terreor
238 1596 283 1629 ah
300 1596 408 1630 tantis
425 1597 593 1639 insistere,
610 1600 747 1639 terreor,
765 1596 906 1640 umbris,

80 1641 136 1674 Ad
153 1641 292 1685 Stygias
308 1646 488 1675 revocatus
505 1653 619 1685 aquas
661 1642 731 1674 Vix
748 1642 893 1675 ultimus
910 1644 1005 1676 amni

81 1686 212 1730 Restat,
229 1691 406 1721 nectareas
423 1687 542 1720 divum
560 1687 619 1731 qui
635 1688 788 1732 prodidit
805 1699 898 1721 escas
912 1703 920 1724 z

81 1732 241 1766 Gutturis
258 1734 371 1767 arenti
387 1733 565 1767 revolutus
582 1733 619 1766 in
637 1734 752 1767 omnia
769 1745 879 1768 sensu.

1132 75 1196 109 381

1130 322 1196 353 210

1129 777 1196 808 220

1128 1234 1195 1265 230

1127 1692 1194 1723 240
