1345 1927
45 83 89 115 28
334 80 372 115 P.
400 80 602 115 VIRGILII
631 80 844 115 MARONIS

45 149 220 194 Imposuit
236 152 365 184 natura
380 150 474 191 locis,
492 161 558 194 quo
576 154 730 194 tempore
747 151 898 194 primum

42 195 237 230 Deucalion
254 206 405 230 vacuum
422 196 554 240 lapides
566 196 716 239 jactavit
733 196 770 228 in
788 195 912 239 orbem,

44 241 146 275 Unde
162 242 318 276 homines
335 242 419 285 nati,
438 242 565 275 durum
581 253 699 285 genus.
741 242 832 285 Ergo
849 253 922 286 age,
941 244 1038 276 terrae

44 286 182 331 Pingue
199 288 310 321 solum
327 288 446 332 primis
463 288 638 332 extemplo
655 299 675 321 a
692 288 866 322 mensibus
884 287 968 322 anni

44 331 164 367 Fortes
182 334 358 367 invertant
375 334 479 377 tauri,
497 333 682 377 glebasque
694 335 851 377 jacentes

44 378 297 414 Pulverulenta
314 385 441 424 coquat
457 380 604 413 maturis
622 379 750 413 solibus
767 383 889 414 {esta-s:

44 425 93 459 At
111 425 139 458 si
155 437 225 459 non
240 426 347 459 fuerit
364 426 468 459 tellus
484 425 644 468 fecunda,
663 425 726 458 sub
742 426 858 470 ipsum

44 471 237 505 Arcturum
254 473 352 505 tenui
369 476 423 505 sat
440 472 505 505 erit
522 471 729 515 suspendere
747 471 841 505 sulco
854 483 864 513 ;

45 517 136 560 Illic,
152 517 305 551 officiant
322 517 411 550 laetis
428 529 472 550 ne
488 517 647 560 frugibus
663 516 787 561 herbae‚

45 561 125 605 Hic,
143 563 296 596 sterilem
313 564 461 607 exiguus
479 574 522 596 ne
539 563 675 596 deserat-
692 563 816 597 humor
832 575 982 597 arenam.
1123 564 1166 597 70

92 609 246 642 Alternis
262 609 354 642 idem
371 615 487 642 tonsas
504 620 634 653 cessare
651 609 789 642 novales

45 654 92 688 Et
109 666 250 698 segnem
266 655 397 698 patiere
415 655 484 688 situ
502 655 681 688 durescere
699 665 861 699 campum
875 667 883 696 3

44 701 119 734 Aut
136 700 185 734 ibi
201 701 292 734 flava
310 712 397 734 seres
414 705 550 734 mutato
569 701 678 734 sidere
694 700 796 742 farra,

45 746 147 780 Unde
164 747 260 791 prius
277 746 399 779 laetum
417 747 543 790 siliqua
561 751 747 790 quassante
767 747 939 790 legumen,

45 792 120 826 Aut
137 796 258 826 tenues
274 793 368 826 fetus
385 793 483 826 vieiae
502 793 681 836 tristisque
699 793 812 836 lupini

45 838 234 872 Sustuleris
248 839 390 882 fragiles
407 839 556 872 calamos
574 838 766 882 silvamque
783 842 972 872 sonantem.

45 884 127 918 Urit
144 885 237 918 enim
254 885 319 918 lini
336 896 498 928 eampum
516 896 621 928 seges,
638 884 710 918 urit
727 895 846 918 avenae
861 897 869 925 ;

46 930 164 964 Urunt
181 930 322 964 Lethaeo
339 931 479 975 perfusa
496 942 669 974 papavera
687 942 814 964 somno.

46 976 114 1010 Sed
130 980 248 1010 tamen
266 977 408 1010 alternis
425 977 537 1010 facilis
554 976 659 1020 labor,
677 977 774 1010 arida
791 980 932 1010 tantum

45 1022 100 1055 Ne
117 1026 273 1056 saturare
289 1023 370 1056 fimo
387 1023 510 1067 pingui
528 1023 659 1067 pudeat
677 1022 757 1065 sola,
775 1034 862 1056 neve
1125 1022 1171 1056 80

45 1067 176 1102 Effetos
193 1069 343 1102 cinerem
360 1069 581 1102 immundum
593 1070 728 1113 jactare
744 1080 805 1113 per
821 1079 929 1113 agros.

46 1113 104 1148 Sic
121 1126 259 1159 quoque
275 1115 422 1148 mutatis
438 1115 660 1159 requiescunt
677 1114 805 1148 fetibus
822 1126 928 1156 arva;

46 1159 80 1194 Ν
83 1171 120 1194 ee
136 1161 236 1194 nqua
251 1161 384 1194 interea
401 1165 452 1194 est
468 1162 613 1194 inaratae
631 1161 745 1205 gratia
763 1165 872 1194 terrae.

47 1205 146 1251 Saepe
163 1207 269 1240 etiam
288 1207 419 1240 steriles
437 1207 620 1240 incendere
637 1207 769 1251 profuit
785 1218 895 1250 agrOS‚

47 1252 166 1296 Atque
181 1253 294 1287 levem
311 1253 478 1296 stipulam
495 1253 747 1297 crepitantibus
764 1264 862 1286 urere
879 1251 1049 1286 flammis:

47 1298 128 1332 Sive
144 1299 226 1332 inde
243 1298 396 1332 occultas
412 1299 502 1332 vires
519 1305 554 1332 et
571 1298 701 1342 pabula
717 1302 819 1332 terrae

47 1344 201 1388 Pinguia
218 1345 421 1389 concipiunt
435 1357 444 1386 ;
471 1345 542 1378 sive
559 1345 628 1378 illis
645 1356 746 1378 omne
763 1356 822 1388 per
839 1345 958 1388 ignem

47 1390 267 1434 Exeoquitur
283 1391 419 1433 vitium,
437 1395 544 1435 atque
562 1390 694 1424 exudat
711 1390 847 1424 'mutilis
865 1391 1012 1432 humor;

49 1436 118 1470 Seu
134 1437 251 1481 plures
269 1437 361 1471 calor
377 1437 436 1470 ille
450 1438 522 1471 vias
539 1441 575 1470 et
592 1448 683 1470 eaeea
699 1436 835 1470 relaxat

49 1482 279 1527 Spiramenta,
297 1494 403 1516 novas
420 1483 538 1517 veniat
555 1495 623 1527 qua
641 1494 742 1516 sucus
760 1483 797 1515 in
814 1482 937 1516 herbas
951 1495 960 1524 ;
1128 1483 1174 1515 90

49 1529 119 1563 Seu
135 1529 240 1563 durat
255 1529 366 1573 magis
383 1534 418 1563 et
435 1541 540 1563 venas
557 1529 724 1573 astringit
738 1529 886 1573 hiantes,

49 1575 103 1609 Ne
119 1579 241 1609 tenues
257 1576 397 1620 pluviae,
413 1576 571 1620 rapidive
587 1575 744 1620 potentia
761 1575 840 1608 solis

51 1621 181 1665 Aerior,
198 1626 261 1655 aut
277 1622 389 1655 boreae
407 1621 621 1667 penetrabile
637 1622 748 1665 frigus
766 1621 901 1655 adurat.

49 1667 207 1701 Multum
223 1668 318 1711 adeo,
335 1669 455 1702 rastris
472 1668 589 1712 glebas
607 1668 666 1712 qui
683 1667 815 1711 frangit
831 1668 958 1701 inertes

50 1714 298 1758 Vimineasque
314 1714 424 1748 trahit
441 1719 561 1757 crates,
574 1715 679 1758 juvat
696 1725 779 1747 arva
793 1726 801 1754 ;
826 1725 939 1757 neque
956 1713 1058 1747 illum

50 1759 159 1795 Flava
175 1760 274 1794 Ceres
291 1760 362 1794 alto
379 1761 615 1806 nequidquam
633 1763 768 1805 spectat
785 1759 933 1804 Olympo
949 1771 956 1800 ς
