1345 1927
154 53 222 85 344
500 54 720 89 AENEIDOS
745 55 832 89 LIB.
851 55 912 89 XI.

155 120 290 155 Arietat
307 122 343 155 in
362 126 478 167 portas
495 127 530 156 et
547 123 650 157 duros
667 123 776 167 objice
795 128 917 168 postes.
1201 124 1268 156 890
1344 145 1345 161 ;

155 166 241 211 Ipsae
260 168 302 201 de
318 169 426 202 muris
443 180 577 202 summo
594 170 782 203 certamine
798 175 974 203 matres—
1320 186 1321 190 =

151 210 326 247 Monstrat
343 225 438 248 amor
454 226 555 248 verus
572 216 784 259 patriae—ut
801 215 918 248 videre
936 214 1130 258 Camillam,

151 257 234 292 Tela
251 271 357 293 manu
375 261 519 305 trepidae
532 261 690 305 jaciunt3
715 272 755 294 ae
772 260 890 294 robore
907 261 992 294 duro

151 303 337 349 Stipitibus
355 306 485 339 ferrum
503 306 716 351 sudibusque
733 307 920 340 imitantur
937 306 1069 340 obustis

151 349 361 395 Praecipites,
380 352 569 396 primaeque
585 354 673 386 mori
691 364 751 397 pro
768 352 939 386 moenibus
956 353 1090 387 ardent.

198 397 337 431 Interea
350 398 505 431 Turnum
523 399 559 431 in
577 398 672 432 silvis
690 399 898 432 saevissimus
914 399 1038 443 implet

149 441 183 475 N
185 443 318 485 uncins,
337 448 372 477 et
383 444 506 487 juveni
524 444 702 487 ingentem
720 444 788 477 fert
805 444 898 478 Acca
915 445 1129 479 tumultum:

148 486 289 522 Deletas
308 489 508 523 Volscorum
526 491 626 532 acies,
644 490 805 523 cecidisse
823 490 1014 534 Camillam,

149 533 316 578 Ingruere
334 535 485 568 infensos
503 535 627 577 hostes,
645 540 680 569 et
698 535 812 569 Marte
829 536 979 569 seeundo

149 578 274 613 Omnia
291 581 512 625 corripuisse:
537 585 671 614 metum
683 583 759 625 jam
775 581 820 614 ad
836 582 966 615 moenia
981 582 1072 616 ferri.
1198 584 1267 616 900

149 624 214 658 Ille
230 626 433 660 furens-et
449 638 541 660 saeva
557 627 582 661 J
585 627 657 660 ovis
674 627 723 660 sic
740 627 886 661 numina
902 633 1099 672 poscunt—-

147 671 284 704 Deserit
301 671 450 706 obsessos
469 672 582 715 colles,
599 684 740 706 nemora
757 684 878 717 aspera
894 673 1034 717 linquit.

148 716 218 750 Vix
236 729 254 751 e
271 722 458 762 conspectu
476 719 618 759 exierat,
637 729 869 763 campumque
887 719 1039 762 tenebat,

148 762 264 804 Quum
281 768 380 808 pater
397 764 533 806 AEneas,
551 764 660 798 saltus
677 764 850 808 ingressus
869 769 1013 809 apertos,

146 808 413 854 Exsuperatque
425 811 562 854 jugum,
581 810 738 853 silvaque
756 811 874 844 evadit
891 822 1007 855 opaea.

145 853 202 888 Sic
220 855 320 888 ambo
337 855 381 888 ad
399 867 515 889 muros
532 856 645 900 rapidi
664 860 805 900 totoque
822 857 984 890 feruntur

146 900 304 944 Agmine,
321 912 385 934 nec
402 901 514 945 longis
532 902 624 934 inter
642 912 676 934 se
694 902 850 945 passibus
867 903 996 936 absunt
1006 915 1015 944 ;

145 946 196 979 Ac
213 946 318 979 simul
335 947 463 980 AEneas
479 947 656 980 fumantes
674 947 816 992 pulvere
834 959 972 992 campos

145 991 328 1037 Prospexit
345 992 458 1036 longe,
469 992 726 1036 Laurentiaque
744 994 885 1037 agmina
902 994 1011 1035 vidit3

144 1037 191 1072 Et
208 1049 339 1072 saevum
355 1038 491 1072 AEnean
508 1039 653 1082 agnovit
670 1039 808 1072 Turnus
826 1039 863 1072 in
880 1040 994 1082 armis,
1196 1043 1263 1075 910

143 1084 413 1128 Adventumque
431 1084 559 1128 pedum
576 1083 748 1128 flatusque
765 1085 901 1119 audivit
918 1097 1094 1130 equorum.

143 1129 385 1174 Continuoque
403 1129 524 1163 ineant
540 1141 677 1174 pugnas
695 1135 730 1164 et
747 1131 869 1175 proelia
885 1135 1040 1165 tentent:

142 1175 189 1209 Ni
205 1187 321 1209 roseus
338 1176 444 1209 fessos
455 1177 531 1220 jam
549 1176 690 1220 gurgite
707 1175 858 1210 Phoebus
876 1176 1006 1211 Hibero

143 1221 271 1265 Tingat
289 1232 404 1266 equos,
421 1225 629 1266 noctemque
647 1222 703 1255 die
720 1221 859 1256 labente
876 1223 1030 1256 reducat.

143 1266 337 1301 Considunt
354 1267 475 1301 castris
492 1272 575 1301 ante
591 1266 722 1312 urbem,
741 1272 776 1302 et
793 1269 922 1302 moenia
935 1269 1080 1305 vallant.
