1320 1932
424 82 646 118 AENEIDOS
669 85 757 121 LIB.
782 85 863 121 XII.
1164 82 1230 118 371

104 148 243 193 Loricae‚
261 152 297 183 et
311 148 416 194 clipei
433 154 606 184 extremos
623 152 859 196 septemplicis
877 151 974 186 orbes
989 163 998 193 ;

104 195 170 228 Per
187 195 342 229 medium
359 196 508 229 stridens
525 197 653 231 transit
670 198 794 232 femur,
843 198 976 231 Incidit
993 198 1084 231 ictus

102 240 233 285 Ingens
250 241 296 275 ad
313 246 441 275 terram
457 241 637 286 duplicato
653 244 787 288 poplite
804 243 951 278 Turnus.

101 286 326 330 Consurgunt
342 287 477 331 gemitu
494 287 629 332 Rutuli,
647 293 812 333 totusque
829 290 982 333 remugit

100 331 202 365 Mons
221 333 362 376 circum,
380 337 416 366 et
432 344 551 366 vocem
567 333 638 367 late
655 346 796 369 nemora
813 335 886 368 alta
901 335 1098 369 remittunt.

99 376 164 411 Ille
175 378 319 412 humilis
334 378 552 423 supplexque
566 380 681 413 oculos
695 380 925 425 dextramque
938 386 1138 425 precantem
1154 383 1224 416 930

97 423 322 468 Protendens,
339 425 359 442 “
370 426 545 470 Equidem
562 426 684 469 merui,
701 437 765 460 nec
782 425 976 470 deprecor‚'’
993 424 1112 469 inquit
1129 436 1139 467 ς

96 470 114 486 “
129 469 236 503 Utere
252 476 342 504 sorte
359 474 432 504 tua.
480 471 601 504 Miseri
618 475 654 504 te
671 472 700 504 si
719 482 788 515 qua
804 471 958 515 parentis

96 512 252 557 Tangere
269 524 354 546 cura
368 516 493 557 potest,
511 515 687 548 oro—fuit
704 519 740 548 et
756 515 822 548 tibi
839 514 921 548 talis

95 559 265 592 Anchises
281 559 585 602 genitor—Dauni
601 560 762 593 miserere
779 566 927 594 senectae
942 573 952 602 3

96 604 143 638 Et
159 616 224 647 me,
243 616 304 638 seu
321 616 444 648 corpus
462 605 650 648 spoliatum
666 606 799 639 lumine
816 607 936 650 mavis,

96 649 217 683 Redde
233 651 328 684 meis.
378 650 525 691 Vicisti3
550 655 585 684 et
603 651 737 684 victum
754 652 896 685 tendere
914 652 1049 697 palmas

95 696 243 729 Ausonii
260 696 377 729 videre
392 709 400 737 ;
425 700 489 729 tua
505 700 558 730 est
574 697 720 730 Lavinia
737 699 866 741 conjux
881 710 889 739 ;

97 739 256 775 Ulterius
272 753 317 775 ne
334 743 438 776 tende
455 744 574 779 odiis.”
625 745 732 779 Stetit
749 757 826 779 acer
842 747 879 779 in
896 746 1000 779 armis

95 786 234 830 AEneas,
251 787 393 821 volvens
410 787 536 830 oculos,
554 788 785 832 dextramque
801 789 963 832 repressit
977 800 986 830 ;

96 831 143 866 Et
154 834 230 876 jam
242 833 386 877 jamque
402 833 514 876 magis
532 838 757 867 cunctantem
774 834 912 867 flectere
929 845 1039 868 sermo
1148 836 1217 868 940

95 877 255 922 Coeperat
269 890 276 912 ε
302 878 426 911 infelix
442 879 588 912 humero
605 891 716 923 quum
732 880 897 924 apparuit
914 880 986 913 alto

95 923 249 966 Balteus,
266 927 301 957 et
317 924 409 957 uotis
425 924 602 958 fulserunt
619 925 761 969 cingula
778 925 883 959 bullis

96 968 266 1003 Pallantis
283 971 382 1014 pueri
395 982 405 1011 3
430 970 564 1004 victum
581 982 685 1015 quem
702 971 846 1005 vulnere
862 971 999 1005 Turnus

95 1014 274 1049 Straverat
289 1021 395 1059 atque
410 1015 564 1049 humeris
580 1017 764 1050 inimicum
780 1017 916 1061 insigne
932 1016 1082 1061 gerebat.

96 1060 171 1103 Ille,
189 1061 297 1094 oculis
313 1065 498 1105 postquam
515 1063 598 1095 saevi
615 1068 841 1096 monumenta
858 1063 984 1096 doloris

96 1105 320 1150 Exuviasque
335 1107 464 1150 hausit,
481 1107 581 1140 furiis
599 1119 772 1151 accensus,
790 1113 825 1142 et
842 1109 894 1142 ira

96 1150 273 1184 Terribilis
288 1164 294 1186 :
321 1153 448 1187 “-Tune
464 1154 547 1187 hinc
561 1154 679 1197 spoliis
696 1154 821 1188 indute
837 1164 993 1186 meorum

94 1194 250 1239 Eripiare
265 1194 353 1227 mjhi
367 1195 379 1228 2
427 1195 544 1229 Pallas
560 1200 596 1229 te
613 1196 678 1230 hoc
695 1196 847 1239 vulnere,
866 1196 983 1229 Pallas

93 1239 267 1283 Immolat,
285 1244 319 1273 et
336 1252 475 1284 poenam
492 1241 657 1275 scelerato
675 1253 718 1274 ex
735 1242 904 1285 sanguine
922 1237 1056 1276 sumitl’

94 1285 170 1319 Hoc
187 1286 314 1329 dicens,
331 1287 462 1319 sermm
478 1286 620 1320 adverso
637 1286 702 1320 sub
718 1292 855 1331 pectore
871 1287 990 1321 condit
1143 1290 1214 1323 950

95 1331 270 1365 Fervidus.
318 1332 384 1364 Ast
401 1332 453 1364 iffi
470 1332 653 1366 solvuntur
669 1333 797 1377 frigore
813 1333 977 1376 membra,

95 1376 245 1422 Vitaque
263 1388 343 1411 cum
360 1378 496 1422 gemitu
511 1378 605 1422 fugit
621 1378 807 1424 indignata
825 1379 888 1412 sub
905 1379 1056 1415 umbras,
