1320 1932
565 109 811 144 MORETUM.

132 175 316 220 Componit
332 175 462 218 tabula,
479 179 515 209 et
530 175 666 220 tepidas
683 187 787 220 super
803 176 933 220 ingerit
949 177 1061 212 undas
1075 190 1083 212 :

133 221 317 255 Contrahit
333 222 507 255 admixtos
523 232 618 254 nunc
634 221 748 254 fontes
765 226 872 265 atque
889 223 1041 265 farinas3

132 267 356 301 Transversat
373 267 498 300 durata
512 278 630 310 manu,
646 267 847 311 liquidoque
865 272 983 301 coacto

132 312 315 346 Interdum
331 324 471 357 grumos
488 312 620 357 spargit
637 312 715 346 sale.
764 312 915 356 Jamque
933 313 1118 349 subactum

130 358 250 391 Laevat
266 370 360 402 opus,
377 358 568 402 palmisque
585 369 688 390 suum
705 357 832 392 dilatat-
849 359 886 391 in
904 359 1031 403 orbem,

130 403 177 437 Et
193 408 302 446 notat,
318 404 492 448 impressis
509 414 606 447 aequo
623 403 821 437 discrimine
839 405 989 448 quadris.

137 449 250 482 Infert
265 449 347 482 inde
362 449 612 493 foco—Cybale
628 449 859 483 mundaverat
875 454 998 494 aptum

130 496 226 528 Ante
241 495 570 538 locum—testisque
587 495 676 538 tegit
689 507 697 536 ;
723 506 826 539 super
841 501 985 539 aggerat
1002 497 1110 540 ignes.

128 539 223 573 Dum
247 552 292 573 ue
309 552 386 573 suas
402 541 539 584 peragit
556 540 735 574 Vulcanus
752 545 910 585 testaque
928 547 1055 585 partes,

129 585 202 618 Sim
242 598 282 619 us
299 586 432 619 interea
448 597 559 619 vacua
574 597 645 619 non
661 591 771 619 cessat
788 587 825 619 in
842 587 946 627 hora3

130 630 259 665 Verum
275 631 381 665 aliam
398 632 462 665 sibi
479 632 603 676 quaerit
619 643 718 675 opem
730 645 739 674 ;
764 644 833 665 neu
851 632 921 665 sola
938 633 1055 676 palato

128 676 182 710 Sit
199 688 267 710 non
284 682 385 720 grata
401 677 510 719 Ceres,
528 689 613 722 quas
625 679 764 721 jungat,
782 683 961 721 comparat
978 690 1081 713 escas.

128 721 207 755 Non
223 722 276 755 illi
293 734 458 767 suspensa
473 723 589 757 focum
606 724 763 756 carnaria
774 725 891 767 juxta,

127 767 256 801 Durati
272 768 342 802 sale
358 773 456 812 terga
473 769 543 802 suis
560 769 744 812 truncique
760 769 949 803 vacabant:

128 813 306 857 Trajectus
323 814 476 847 medium
494 818 609 858 sparto
626 814 686 847 sed
703 826 820 848 caseus
837 815 964 858 orbem,

127 858 174 892 Et
190 863 289 892 vetus
306 859 464 892 adstricti
480 860 583 893 fascis
599 860 773 904 pendebat
790 860 919 894 anethi.

126 903 218 947 Ergo
235 904 340 938 aliam
355 905 499 938 molitur
514 917 614 949 opem
631 905 696 938 sibi
712 906 875 950 providus
893 906 1000 940 heros.

173 950 305 983 Hortus
322 954 397 984 erat
408 952 553 994 junctus
570 951 704 993 casulae,
723 963 826 995 quem
842 952 975 986 vimina
991 963 1106 996 pauca

126 994 173 1028 Et
190 995 321 1029 calamo
337 996 490 1030 recidiva
506 996 575 1030 levi
590 996 751 1030 munibat
768 997 910 1040 arundo,

126 1040 286 1084 Exiguus
303 1042 424 1085 spatio,
441 1042 546 1075 variis
563 1042 621 1075 sed
637 1042 763 1076 fertilis
779 1043 904 1076 herbis.

126 1084 206 1119 Non
221 1087 275 1119 ffli
290 1086 419 1130 deerat,
436 1087 528 1130 quod
544 1088 705 1131 pauperis
722 1088 834 1131 exigit
852 1100 943 1122 usus.

129 1131 328 1175 [Interdum
342 1132 496 1178 locuples
513 1144 534 1166 a
550 1144 701 1176 paupere
717 1133 819 1177 plura
834 1134 976 1177 petebat
990 1146 997 1168 :

126 1176 205 1210 Non
222 1182 356 1211 sumtus
373 1183 447 1211 erat
463 1178 553 1211 illud
569 1189 665 1222 opus,
683 1179 741 1212 sed
757 1180 879 1222 regula
896 1178 1013 1224 curae.]

126 1221 164 1255 Si
181 1223 319 1266 quando
335 1234 485 1257 vacuum
501 1223 619 1257 casula
635 1223 806 1268 pluviaeve
822 1225 989 1258 tenebant

126 1266 274 1302 Festave
289 1268 363 1311 lux,
381 1269 410 1302 si
425 1269 514 1302 forte
530 1269 627 1302 labor
643 1269 798 1303 cessabat
815 1275 948 1304 aratro:

127 1312 232 1346 Horti
248 1325 333 1358 opus
349 1314 439 1347 illud
455 1318 538 1348 erat.
586 1315 709 1348 Varias
726 1315 896 1359 deponere
912 1316 1051 1360 plantas

126 1357 245 1397 Norat,
263 1364 298 1393 et
315 1360 459 1393 occultae
477 1360 691 1394 committere
708 1361 840 1394 semina
855 1366 967 1405 terrae,

127 1403 337 1449 Vicinosque
353 1412 434 1449 apte
451 1417 534 1439 cura
551 1406 754 1440 submittere
769 1407 870 1440 rivos.

127 1448 196 1482 Hic
212 1450 296 1494 olus,
313 1451 371 1484 hic
387 1451 458 1485 late
473 1451 661 1485 fundentes
676 1452 820 1486 brachia
835 1452 935 1496 betae,

126 1494 379 1540 Fecundusque
395 1508 518 1530 rumex
534 1497 726 1541 malvaeque
742 1498 916 1542 inulaeque
933 1499 1114 1534 virebant:

126 1540 195 1573 Hic
212 1542 305 1585 siser,
322 1546 358 1575 et
375 1542 481 1586 capiti
498 1554 623 1576 nomen
640 1543 803 1577 debentia
819 1555 940 1588 porra3

126 1585 195 1619 Hic
212 1587 318 1620 etiam
333 1598 485 1621 nocuum
502 1588 611 1632 capiti
627 1588 851 1633 gelidumque
866 1601 1029 1634 papaver,

126 1631 302 1675 Grataque
318 1632 488 1666 nobilium
504 1634 638 1677 requies
654 1633 793 1668 lactuca
810 1635 976 1679 ciborum,

125 1676 172 1709 Et
187 1678 302 1720 gravis
318 1678 357 1711 in
372 1678 485 1711 latum
501 1679 648 1712 demissa
664 1680 846 1714 cucurbita
861 1685 1027 1715 ventrem.

126 1721 256 1755 Verum
271 1723 329 1756 hic
344 1735 414 1756 non
431 1724 685 1768 domini—quis
702 1726 796 1758 enim
812 1727 1020 1761 contractior
1034 1727 1095 1762 ino
1105 1726 1166 1762 3-

125 1766 193 1801 Sed
208 1769 330 1813 populi
345 1774 534 1814 proventus
550 1774 625 1804 erat
633 1783 643 1812 ;
667 1771 845 1816 Nonisque
861 1771 983 1807 diebus

1180 114 1249 147 405

1203 454 1249 485 50

1200 910 1245 941 60

1199 1364 1244 1399 70
