1330 1932
433 86 654 122 AENEIDOS
679 86 766 121 LIB.
794 87 875 121 VII.
957 80 961 84 ’
1145 90 1210 122 241

97 150 274 185 Paulatim
291 162 362 185 sese
379 151 473 185 tollit
489 162 592 193 mare,
611 154 647 184 et
663 151 769 185 altius
785 152 898 186 undas

96 197 219 240 Erigit,
235 197 317 230 inde
333 197 403 230 imo
420 197 597 239 consurgit
613 196 658 229 ad
676 197 805 230 aethera
821 197 940 231 fundo.
1142 199 1211 232 530

97 242 166 275 Hic
177 242 318 286 juvenis
335 243 484 286 primam
500 246 582 275 ante
599 242 709 275 aciem
726 242 895 275 stridente
912 243 1051 286 sagitta,

96 287 268 320 Natorum
285 287 429 331 Tyri-hei
445 287 560 320 fuerat
578 287 639 329 qui
655 287 839 329 maximus,
857 287 958 321 Almo

95 328 292 373 Sternitur3
316 333 417 365 haesit
434 333 526 365 enim
543 332 606 365 sub
621 336 766 375 gutture
782 314 920 376 vuinus,
937 337 973 366 et
988 334 1068 367 udae

96 377 198 410 Vocis
214 378 282 411 iter
297 382 508 429 tenuemque
523 377 667 410 inclusit
684 378 852 429 sanguine
869 378 988 412 vitam.

96 422 245 466 Corpora
261 423 376 456 muita
392 423 507 456 virum
524 423 623 464 circa,
642 423 822 467 seniorque
840 423 1002 466 Galaesus,

94 467 188 501 Dum
205 468 284 511 paci
299 468 455 501 medium
472 479 507 501 se
524 468 646 508 offert3
666 468 880 511 justissimus
897 481 989 502 unus

96 513 164 554 Qui
180 513 259 556 fuit,
277 513 508 556 Ausoniisque
525 513 608 546 olim
625 494 816 546 ditissimus
834 514 946 547 arvis:

96 558 256 602 Quinque
273 570 392 602 greges
409 559 462 591 1111
479 558 671 601 balantum,
689 559 797 601 quina
812 559 973 593 redibant

98 604 275 646 Armenta,
293 608 328 637 et
345 608 473 637 terram
490 608 631 636 centum
648 603 805 637 vertebat
822 605 954 638 aratris.

140 649 257 691 Atque
274 660 314 681 ea
329 660 391 692 per
408 660 545 692 campos
563 659 660 692 aequo
677 649 762 681 dum
778 649 893 683 Marte
910 654 1090 693 geruntur,
1140 652 1209 684 540

95 693 258 727 Promissi
274 693 339 727 dea
354 695 449 727 facta
465 698 596 737 potens,
614 693 676 726 ubi
692 694 861 737 sanguine
878 694 1010 728 bellum

95 739 228 772 Imbuit
245 743 279 772 et
296 739 416 783 primae
435 739 606 771 commisit
622 739 746 772 funera
762 750 900 783 pugnae,

93 784 230 817 Deserit
247 784 462 828 Hesperiam,
479 788 514 817 et
531 784 608 816 coeli
625 794 778 817 convexa
794 795 856 827 per
872 795 973 819 auras

94 829 120 862 J
121 840 272 862 unonem
288 829 416 862 victrix
432 828 561 862 affatur
577 839 659 862 voce
676 828 844 872 superba:

94 874 113 892 “
127 874 195 926 En,
209 874 364 917 perfecta
380 872 445 905 tibi
461 872 551 905 bello
568 872 738 906 discordia
755 874 875 915 tristi3

93 918 168 962 Dic,
185 919 223 951 in
238 919 428 952 amicitiam
444 920 577 961 coeant,
594 922 629 952 et
645 918 775 951 foedera
786 919 950 962 jungant.

95 963 384 1016 Quandoquidem
400 964 552 997 Ausonio
568 964 714 1016 respersi
731 964 900 1007 sanguine
917 964 1074 1008 Teucros,

94 1009 170 1042 Hoc
187 1010 293 1043 etiam
309 1010 363 1043 his
380 1010 515 1052 addam,
533 1014 595 1043 tua
613 1010 642 1042 si
657 1009 746 1042 mihi
762 1014 857 1043 certa
872 1009 1056 1044 voluntas:

93 1054 303 1088 Finitimas
294 1066 332 1087 m
347 1055 439 1088 belia
454 1055 564 1088 feram
580 1055 776 1088 rumoribus
792 1055 902 1098 urbes,

92 1099 358 1144 Accendamque
375 1101 507 1133 animos
523 1100 637 1133 insani
654 1100 779 1133 Martis
795 1111 920 1144 amore,
1139 1104 1206 1135 550

95 1145 257 1190 Undique
273 1150 315 1179 ut
330 1146 463 1180 auxilio
479 1146 644 1186 veniant3
669 1156 829 1189 spargam
844 1156 941 1178 arma
957 1155 1017 1188 per
1034 1145 1167 1187 agros.’

95 1191 186 1223 Tum
203 1195 323 1224 contra
339 1192 364 1225 J
365 1203 456 1225 uno
482 1191 693 1224 ‘'Terrorum
710 1195 745 1224 et
760 1190 894 1223 fraudis
911 1189 1049 1223 abunde
1066 1194 1129 1222 est.

93 1234 196 1268 Stant
210 1235 295 1268 belli
311 1245 445 1275 causae;
469 1237 649 1277 pugnatur
665 1233 820 1266 cominus
837 1234 961 1267 armis:

94 1280 180 1321 Quae
195 1280 264 1313 fors
280 1278 393 1323 prima
409 1279 515 1321 dedit,
533 1278 673 1322 sanguis
690 1290 799 1311 novus
815 1278 943 1312 imbuit
959 1290 1064 1312 arma.

93 1325 192 1359 Talia
207 1325 379 1358 connubia
395 1329 430 1357 et
446 1324 534 1357 tales
550 1323 723 1357 celebrent
739 1323 936 1366 hymenaeos

93 1371 283 1414 Egregium
300 1370 443 1403 Veneris
459 1380 569 1413 genus
585 1373 621 1402 et
637 1380 699 1402 rex
715 1369 789 1412 ipse
805 1369 961 1403 Latinus.

93 1416 140 1449 Te
157 1427 260 1460 super
276 1415 435 1449 aetherias
451 1426 563 1448 errare
579 1414 741 1447 licentius
758 1425 858 1448 auras

93 1461 201 1495 Haud
218 1461 322 1495 Pater
338 1461 398 1494 ifle
413 1460 508 1503 velit,
527 1460 652 1493 summi
666 1463 830 1503 regnator
846 1459 995 1504 Olympi.

93 1507 183 1541 Cede
198 1506 292 1540 locis.
339 1506 423 1549 Ego,
441 1506 470 1538 si
486 1516 556 1549 qua
572 1516 674 1549 super
689 1505 830 1538 fortuna
846 1505 1000 1539 laborum
1018 1508 1078 1548 est,

91 1555 135 1597 Ip
137 1566 174 1588 53
189 1565 318 1597 regam.
320 1554 340 1568 ’'
387 1552 485 1586 Tales
504 1552 645 1585 dederat
662 1552 827 1585 Saturnia
848 1562 959 1584 voces.
1146 1548 1213 1580 560

93 1598 162 1630 Ina
177 1602 296 1630 autem
312 1596 444 1630 attollit
460 1595 645 1629 stridentes
661 1593 833 1637 anguibus
849 1593 931 1636 alas,

93 1642 281 1686 Cocytique
296 1642 387 1686 petit
404 1641 529 1684 sedem,
545 1651 669 1684 supera
684 1639 794 1672 ardua
809 1639 980 1682 linquens.

94 1687 157 1721 Est
172 1688 271 1721 locus
289 1687 404 1721 Italiae
421 1686 535 1719 medio
552 1685 616 1719 sub
631 1684 808 1719 montibus
825 1684 918 1727 altis,

94 1733 229 1767 Nobilis
246 1737 281 1767 et
297 1733 391 1767 fama
406 1731 528 1765 multis
544 1734 753 1764 memoratus
770 1729 808 1762 in
824 1730 902 1773 oris,

639 1786 663 1809 Β,
