1345 1927
140 65 208 96 236
446 62 483 96 P.
510 62 717 96 VIRGILII
744 61 958 96 MARONIS

141 127 206 161 Ille
224 128 315 161 inter
331 130 441 161 vestes
459 131 494 160 et
510 127 601 161 levia
617 132 756 172 pectora
772 128 889 171 lapsus

142 172 305 206 Volvitur
321 177 458 206 attactu
475 173 582 215 nullo,
598 173 760 217 fallitque
776 173 960 215 furentem,
1188 172 1257 204 350

142 218 327 262 Vipeream
343 218 516 262 inspirans
533 219 685 251 animam
701 231 708 259 ;
733 218 773 250 fit
791 217 908 250 tortile
925 217 1012 250 collo

142 264 277 296 Aurum
294 264 417 307 ingens
435 263 583 306 coluber,
601 263 641 296 fit
659 263 769 307 longae
788 264 893 296 taenia
910 263 1016 305 vittae,

142 309 367 353 Innectitque
384 320 507 351 comaS,
525 313 560 342 et
576 308 738 341 membris
755 308 909 341 lubricus
927 311 1027 341 errat.
1083 323 1088 325 ·

141 355 193 387 Ac
210 354 294 387 dum
312 354 425 398 prima
440 354 514 387 lues
532 354 600 387 udo
618 354 779 397 sublapsa
796 365 927 386 veneno

142 399 326 433 Pertentat
343 410 471 442 sensus,
488 403 593 442 atque
611 399 742 432 ossibus
759 399 917 442 implicat
935 399 1064 442 ignem,

142 444 301 478 Necdum
318 445 454 478 animus
471 448 544 477 toto
562 445 715 488 percepit
733 448 870 488 pectore
886 443 1084 477 flammam:

142 490 294 532 Mollius,
312 493 347 523 et
364 489 463 522 solito
479 493 632 522 matrum
650 490 691 522 de
708 500 811 531 more,
828 489 945 522 locuta
962 494 1024 532 est,

142 534 259 568 Multa
276 546 378 579 super
395 539 479 567 nata
495 534 679 567 lacrimans
697 534 929 577 Phrygiisque
945 533 1157 578 hymenaeis.

185 580 204 597 “
217 579 450 612 Exsulibusne
468 579 572 613 datur
589 579 750 613 ducenda
767 580 913 613 Lavinia
929 579 1080 621 Teucris,

145 623 172 656 O
190 623 351 674 genitor-2
375 633 439 655 nee
457 627 491 655 te
507 623 648 666 miseret
665 627 824 666 nataeque
842 623 963 666 tuique
977 623 990 656 2
1191 624 1260 657 360

144 668 216 703 Nec
233 668 354 701 matris
371 668 520 710 miseret,
538 679 644 712 quam
661 668 771 711 primo
788 668 950 712 aquilone
967 668 1142 712 relinquet

143 713 310 755 Perfidus,
328 713 401 746 alta
417 718 538 757 petens
555 713 707 746 abducta
724 713 858 756 virgine
875 713 991 757 praedo
1005 714 1018 747 2

143 759 192 792 At
208 770 278 792 non
296 759 343 792 sic
362 758 536 802 Phrygius
553 763 714 802 penetrat
731 758 980 792 Lacedaemona
996 763 1122 803 pastor,

143 804 373 848 Ledaeamque
391 804 562 837 Helenam
580 805 743 847 Trojanas
762 805 858 838 vexit
875 804 919 837 ad
936 804 1046 838 urbes.

145 850 237 891 Quid
255 853 318 883 tua
334 854 454 883 sancta
470 849 554 883 fides
568 849 580 882 ’.Ι
606 849 690 893 quid
707 861 790 882 cura
807 850 952 893 antiqua
969 854 1120 893 tuorum,

145 896 192 929 Et
209 895 463 938 consanguineo
480 895 582 928 toties
599 895 682 928 data
699 895 842 928 dextera
859 895 975 928 Turno
989 895 1001 928 2

147 940 183 974 Si
200 952 305 984 gener
322 945 465 974 externa
482 941 615 984 petitur
632 940 675 973 de
691 945 795 984 gente
813 940 956 983 Latinis,

146 986 258 1030 quue
275 986 381 1029 sedet,
400 986 581 1029 Faunique
598 990 762 1029 premunt
779 991 814 1019 te
826 987 923 1029 jussa
940 986 1092 1030 parentis
1107 997 1113 1019 :

147 1031 293 1065 Omnem
310 1032 470 1075 equidem
488 1032 630 1075 sceptris
648 1035 775 1065 terram
793 1043 870 1075 quae
888 1031 996 1066 libera
1013 1031 1138 1065 nostris

146 1077 310 1120 Dissidet,
327 1081 507 1111 externam
524 1088 608 1119 reor,
626 1081 661 1110 et
679 1077 726 1110 sic
744 1077 856 1110 dicere
875 1077 979 1111 divos.
1197 1077 1264 1110 370

147 1123 193 1156 Et
211 1123 336 1165 Turno,
354 1123 383 1155 si
399 1123 512 1166 prima
529 1122 650 1155 domus
667 1126 846 1166 repetatur
863 1123 967 1166 origo,

147 1168 300 1201 Inachus
318 1168 540 1211 Acrisiusque
556 1172 681 1211 patres,
698 1168 889 1212 mediaeque
906 1166 1097 1212 Mycenae.”

194 1214 260 1246 His
277 1213 339 1246 ubi
356 1213 592 1257 nequidquam
610 1213 712 1246 dictis
729 1217 882 1258 experta,
900 1213 1067 1247 Latinum

148 1259 276 1292 Contra
293 1263 383 1292 stare
399 1259 505 1300 videt,
523 1259 732 1302 penitusque
748 1259 785 1292 in
802 1259 933 1292 vise-era
950 1259 1087 1303 lapsum

148 1304 325 1348 Serpentis
341 1304 466 1337 furiale
483 1304 624 1346 malum,
642 1308 820 1348 totamque
837 1308 1012 1349 pererrat:

148 1350 238 1383 'rum
254 1361 334 1383 vero
351 1349 486 1392 infelix,
503 1349 704 1393 ingentibus
721 1351 837 1384 excita
853 1350 1024 1392 monstris,

149 1396 359 1429 Immensam
377 1395 449 1428 sine
465 1406 559 1428 more
576 1395 662 1428 furit
679 1395 862 1440 lymphata
877 1407 939 1440 per
954 1395 1098 1430 urbem:

149 1441 218 1475 Ceu
235 1441 410 1485 quondam
426 1444 516 1474 torto
534 1440 682 1474 volitans
700 1441 764 1474 sub
780 1442 920 1475 verbere
937 1440 1051 1484 turbo,

150 1486 262 1528 Quem
278 1487 377 1530 pueri
393 1497 520 1529 magno
537 1486 573 1519 in
590 1497 675 1530 gyro
692 1498 802 1520 vacua
818 1487 908 1520 atria
924 1487 1055 1520 circum

150 1532 285 1565 Intenti
301 1532 384 1565 ludo
400 1536 563 1565 exercent
577 1544 586 1572 ;
610 1532 669 1565 ille
686 1536 785 1566 actus
801 1532 938 1566 habena
1198 1532 1265 1564 380

150 1578 309 1611 Curvatis
326 1578 437 1611 fertur
454 1577 574 1621 spatiis
589 1589 597 1617 ;
623 1581 740 1622 stupet
757 1578 866 1612 inscia
882 1588 987 1622 supra

150 1623 382 1667 Impubesque
398 1634 533 1666 manus,
549 1623 676 1656 mirata
693 1624 844 1657 volubile
860 1623 993 1656 buxum
1007 1634 1016 1663 3

150 1668 246 1701 Dant
263 1669 395 1702 animos
412 1668 525 1713 plagae
539 1680 545 1701 :
572 1669 651 1702 Non
668 1680 770 1702 cursu
788 1669 923 1713 segnior
939 1668 999 1701 illo

151 1713 218 1747 Per
233 1714 363 1748 medias
380 1714 481 1748 urbes
498 1714 616 1759 agitur
631 1715 842 1759 populosque
858 1715 994 1748 seroces.
1197 1714 1210 1755 ξ’
