1320 1932
403 97 623 132 AENEIDOS
649 98 738 132 LIB.
765 98 845 133 XII.
1112 103 1180 135 355

63 164 131 206 Qui
150 165 334 208 quondam,
353 169 466 199 castra
482 170 523 199 ut
540 166 702 200 Danaum
721 167 915 211 speculator
932 167 1054 212 adiret,

62 210 177 244 Ausus
196 211 325 244 Pelidae
343 212 495 255 pretium
512 212 577 245 sibi
594 224 731 256 poscere
748 224 878 247 currus.
1111 216 1181 248 350

62 255 170 289 Illum
187 256 336 300 Tydides
353 257 421 290 alio
439 269 500 301 pro
517 257 646 291 talibus
663 259 755 292 ausis

60 300 188 335 Affecit
205 302 315 346 pretio
330 315 338 344 3
363 314 426 336 nec
444 303 540 347 equis
558 304 689 348 aspirat
709 304 862 338 Achillis.

61 346 168 380 Hunc
185 348 305 392 procul
322 352 363 381 ut
380 360 501 392 campo
519 349 656 383 Turnus
673 351 851 394 prospexit
868 354 998 395 aperto,

63 393 153 426 Ante
170 394 239 427 levi
251 394 369 437 jaculo
387 394 531 438 longum
547 406 609 438 per
625 395 729 429 inane
747 401 895 440 secutus,

61 438 161 472 Sistit
178 451 281 483 equos
298 440 442 484 bijuges,
461 445 495 473 et
513 452 618 474 curru
635 441 760 484 desilit,
779 446 883 485 atque

61 484 263 518 Semianimi
280 485 444 529 lapsoque
462 487 672 530 supervenit,
691 492 725 520 et
743 488 829 532 pede
847 488 943 531 collo,

61 530 231 574 Impresso
249 531 380 564 dextrae
397 543 597 565 mucronem
614 537 808 576 extorquet,
827 539 861 567 et
878 534 949 567 alto

61 575 270 620 Fulgentem
287 578 393 621 tingit
406 578 532 622 jugulo
548 590 555 619 ;
580 583 686 622 atque
703 579 777 612 haec
795 580 936 623 insuper
953 580 1069 614 addit:

61 624 155 666 “En,
174 635 272 666 agros
290 628 334 665 et,
353 634 457 666 quam
477 622 576 665 bello,
594 623 751 667 Trojane,
768 624 898 667 petisti,

61 669 266 713 Hesperiam
283 669 404 702 metire
417 670 556 712 jacens:
583 668 655 701 haec
673 670 824 712 praemia,
843 670 902 713 qui
920 681 974 703 me
1110 670 1177 702 360

61 715 164 748 Ferro
181 715 256 748 ausi
273 718 416 752 tentare,
434 715 551 746 ferunt
568 726 574 747 :
600 715 648 747 sic
665 716 792 747 moenia
809 716 994 749 conclunt.”

61 757 156 791 Huic
173 759 335 791 comitem
352 758 509 791 Asbuten
526 759 682 802 conjecta
700 759 841 802 cuspide
858 759 979 800 mittit,

61 804 282 848 Chloreaque,
300 803 535 847 Sybarimque,
552 804 760 848 Daretaque,
779 805 1117 849 Thersilochumque,

62 849 108 884 Et
125 850 290 883 sternacis
308 850 389 893 equi
406 850 543 893 lapsum
560 850 691 883 cervice
709 850 924 893 Thymoeten.

62 895 112 930 Ac
129 896 226 929 velut
243 895 355 929 Edoni
372 895 489 928 Boreae
508 907 616 939 quum
634 895 775 939 spiritus
793 896 864 929 alto

62 940 206 975 Insonat
222 941 350 985 AEgaeo,
368 941 593 985 sequiturque
610 942 655 974 ad
672 942 775 974 litora
792 942 929 985 fluctus,

62 987 138 1028 Qua
155 988 251 1021 venti
268 987 466 1029 incubuere,
484 988 605 1030 fugam
624 988 709 1021 dant
727 988 848 1021 nubila
865 989 949 1021 coelo
965 1000 971 1022 :

61 1033 116 1067 Sic
134 1034 260 1076 Turno,
277 1045 495 1077 quacumque
513 1034 605 1066 viam
623 1037 716 1066 secat
733 1035 874 1077 agmina
891 1035 1030 1078 cedunt,

61 1079 306 1123 Conversaeque
322 1084 431 1112 ruunt
449 1079 538 1112 acies
553 1092 561 1120 ;
586 1080 654 1112 fert
672 1080 822 1123 impetus
841 1081 964 1124 ipsum,

60 1125 107 1159 Et
124 1125 266 1159 cristam
283 1125 425 1159 adverso
443 1136 547 1158 curru
565 1125 681 1169 quatit
698 1137 783 1159 aura
801 1127 986 1160 volantem.
1113 1127 1180 1160 370

60 1170 140 1204 Non
156 1171 241 1204 tulit
258 1171 447 1204 instantem
465 1171 624 1214 Phegeus
641 1172 834 1215 animisque
852 1172 1075 1205 frementem:

62 1217 197 1261 Objecit
215 1229 286 1250 sese
303 1217 348 1251 ad
365 1228 516 1259 currum,
534 1222 569 1250 et
587 1218 787 1261 spumantia
803 1218 910 1251 frenis

63 1262 130 1296 Ora
147 1263 333 1296 citatorum
351 1263 475 1296 dexcra
492 1263 636 1296 detorsit
654 1275 829 1307 equorum.

61 1308 156 1342 Dum
174 1309 337 1351 trahitur,
355 1309 553 1353 pendetque
565 1310 670 1353 jugis,
689 1310 783 1343 hunc
800 1310 873 1343 lata
890 1314 1062 1344 retectum

62 1355 200 1388 Lancea
217 1355 449 1398 consequitur,
467 1355 669 1398 rumpitque
686 1355 796 1388 infixa
813 1356 951 1389 bilicem

61 1400 228 1443 Loricam,
247 1405 281 1433 et
300 1412 474 1433 summum
491 1401 655 1444 degustat
673 1401 815 1434 vulnere
833 1413 965 1445 eorpus.

63 1446 128 1480 Ille
145 1450 264 1479 tamen
281 1447 390 1490 clipeo
408 1445 541 1489 objecto
559 1458 742 1480 conversus
759 1447 795 1479 in
813 1447 947 1480 hostem

63 1492 152 1534 Ibat,
171 1496 205 1525 et
223 1492 397 1525 auxilium
414 1492 518 1525 ducto
534 1503 698 1525 mucrone
715 1493 856 1536 petebat
871 1506 876 1527 :

64 1538 180 1579 Quum
197 1542 273 1572 rota
291 1538 505 1582 praecipitem
522 1542 557 1571 et
574 1550 740 1582 procursu
758 1540 914 1572 concitus
933 1539 1008 1572 axis

63 1583 224 1628 Impulit,
241 1583 458 1627 effunditque
476 1584 545 1617 solo
561 1596 568 1624 3
594 1584 800 1628 Turnusque
817 1589 956 1618 secutus
1115 1587 1182 1619 380

64 1629 178 1662 Imam
195 1630 287 1663 inter
303 1630 439 1673 galeam
457 1629 582 1663 summi
599 1630 749 1663 thoracis
767 1634 802 1663 et
819 1642 893 1663 oras

63 1675 219 1709 Abstulit
237 1687 317 1709 ense
335 1680 451 1719 caput,
469 1679 702 1719 truncumque
719 1676 863 1719 reliquit
882 1688 1005 1710 arcnae.

110 1721 228 1764 Atque
246 1733 286 1755 ea
304 1721 388 1754 dum
406 1721 536 1765 campis
554 1722 664 1755 victor
681 1722 742 1755 dat
759 1722 883 1755 funera
901 1723 1048 1766 Turnus,

64 1767 204 1801 Interea
221 1767 356 1801 AEnean
373 1767 577 1801 Mnestheus
595 1771 630 1801 et
646 1768 737 1801 fidus
754 1768 906 1801 Achates
