1345 1927
127 85 195 117 330
414 82 452 116 Ρ.
478 82 681 116 VIRGILII
706 81 920 116 MARONIS

129 150 280 194 Insignis
297 161 405 193 agros.
447 149 558 183 Possit
575 150 659 194 quid
677 150 793 183 vivida
811 150 932 192 virtus,

128 196 316 240 Experiare
333 196 432 229 licet:
459 207 522 229 nec
539 196 640 239 longe
657 196 789 229 scilicet
807 196 920 229 hostes

129 241 314 282 Quaerendi
331 241 447 282 nobis3
472 242 699 275 circumstant
717 241 871 284 undique
888 251 1013 274 murOS.

128 287 225 320 Imus
242 288 279 320 in
296 286 478 320 adversos?
505 287 588 331 quid
607 287 738 320 cessas?
764 298 809 320 an
828 287 892 319 tibi
910 286 1049 319 Mavors

129 332 281 411 gentosa
297 333 334 365 in
351 332 474 404 l{ngua
491 332 703 377 pedibusque
719 332 903 376 fugacibus
919 331 996 364 istis
1175 331 1243 365 390

155 390 208 411 em
235 390 272 412 er
288 379 375 412 erit.

127 391 253 457 Pulsipis
270 435 332 467 ego
347 424 359 457 2
383 428 446 457 aut
463 424 647 468 quisquam
663 423 797 466 merito,
813 422 1009 465 foedissime,
1027 421 1167 466 pulsum

127 470 272 513 Arguet‚
292 470 398 503 Iliaco
416 470 592 503 tumidum
609 469 670 513 qui
687 480 837 502 crescere
853 468 1020 512 Thybrim

127 515 314 559 Sanguine,
332 520 367 548 et
385 515 539 548 Evandri
557 519 667 548 totam
684 526 765 547 cum
782 515 888 558 stirpe
906 513 1038 547 videbit

128 560 353 594 Procubuisse
371 561 522 603 domum,
540 565 645 604 atque
662 564 786 593 exutos
804 559 956 592 Arcadas
973 558 1100 592 armis?

129 606 235 640 Haud
251 607 303 640 ita
318 618 374 640 me
391 606 526 650 experti
544 606 655 639 Bitias
672 611 707 638 et
725 605 906 638 Pandarus
923 605 1055 648 ingens,

128 652 174 685 Et
191 663 275 696 quos
291 652 388 685 mille
405 652 461 685 die
479 652 590 685 victor
607 650 671 684 sub
688 651 832 684 Tartara
849 650 939 693 misi,

129 698 287 731 Inclusus
303 698 411 731 muris
428 697 617 741 hostilique
634 708 759 740 aggere
777 700 904 740 septus

127 744 159 777 N
163 744 235 777 ulla
252 743 345 777 salus
362 743 462 777 bello.
505 743 619 787 Capiti
637 754 722 775 cane
739 742 825 775 talia
843 742 983 775 demens

128 789 313 831 Dardanio,
330 789 499 833 rebusque
516 789 596 822 tuis.
638 788 786 821 Proinde
804 787 919 820 omnia
935 797 1062 830 magno
1177 787 1247 819 400

127 835 180 868 Ne
197 846 291 868 cessa
308 835 446 868 turbare
463 838 570 877 metu,
587 837 693 877 atque
711 833 876 867 extollere
894 833 982 865 vires

129 881 250 914 Gentis
267 880 319 913 bis
336 881 438 913 vietae
454 892 461 920 ;
487 884 608 913 contra
625 890 779 923 premere
796 889 892 911 arma
909 877 1035 911 Latini.

127 926 160 959 N
162 937 230 959 unc
248 929 282 959 et
300 925 562 969 Myrmidonum
579 936 734 969 proceres
752 924 906 967 Phrygia
922 935 1018 957 arma
1032 923 1248 966 tremiscunt,

128 972 160 1004 N
163 983 232 1005 unc
249 976 284 1004 et
302 971 461 1014 Tydides,
479 976 515 1004 et
532 970 718 1004 Larissaeus
736 969 910 1010 Achilles3

129 1017 253 1050 Amnis
271 1022 306 1050 et
325 1017 517 1050 Hadriacas
534 1021 625 1049 retro
642 1016 737 1059 fugit
754 1015 902 1048 Aufidus
919 1015 1040 1048 undas.

130 1062 193 1096 Vel
212 1074 322 1106 quum
340 1074 375 1095 se
392 1062 559 1106 pavidum
577 1066 697 1094 contra
714 1072 790 1094 mea
803 1061 922 1104 jurgia
938 1059 1041 1104 fingit

129 1108 282 1141 Artificis
299 1108 420 1150 scelus,
438 1112 473 1140 et
489 1107 674 1140 formidine
691 1107 821 1139 crimen
838 1105 986 1139 acerbat.

128 1154 318 1198 Nunquam
335 1154 489 1186 anim3,m
506 1153 613 1186 talem
631 1152 755 1185 dextra
771 1151 1011 1185 hac—absiste
1027 1150 1203 1184 moveri—

128 1200 280 1232 Amittes
295 1212 303 1240 ;
329 1198 464 1232 habitet
482 1203 609 1241 tecum,
626 1202 661 1231 et
679 1198 724 1231 sit
743 1202 878 1242 pectore
895 1197 932 1229 in
949 1197 1024 1230 isto.

129 1245 233 1278 Nunc
251 1245 294 1278 ad
312 1250 357 1287 te,
376 1250 410 1277 et
428 1249 490 1277 tua
507 1255 645 1287 magna,
663 1248 772 1287 pater,
789 1242 947 1276 consulta
963 1246 1124 1276 revertor.
1181 1243 1250 1275 410

130 1291 167 1324 Si
184 1291 319 1323 nullam
335 1290 461 1323 nostris
478 1289 572 1323 ultra
590 1301 685 1333 spem
702 1289 801 1332 ponis
818 1289 855 1321 in
872 1288 987 1331 armis,

131 1337 167 1370 Si
184 1341 258 1369 tam
275 1336 401 1369 deserti
419 1347 546 1377 sumus,
564 1339 599 1368 et
616 1335 720 1368 semel
737 1335 875 1378 agmine
893 1345 990 1367 verso

131 1382 308 1415 Funditus
325 1381 524 1422 occidimus,
542 1392 653 1424 neque
670 1380 776 1414 habet
793 1380 935 1413 fortuna
950 1390 1142 1423 regressum
1156 1391 1167 1420 ;

133 1427 277 1460 Oremus
294 1438 425 1471 pacem,
443 1432 478 1460 et
495 1427 635 1459 dextras
652 1425 836 1459 tendamus
853 1425 989 1458 inertes.

133 1473 343 1516 Quanquam
360 1483 389 1514 0,
408 1473 436 1505 si
453 1472 562 1505 solitae
580 1471 771 1515 quidquam
788 1471 928 1504 virtutis
944 1470 1089 1513 adesset,

134 1519 200 1552 Ille
216 1518 304 1551 mihi
321 1523 403 1551 ante
420 1517 505 1551 alios
521 1518 790 1560 fortunatusque
806 1516 974 1559 laborum,

133 1564 373 1607 Egregiusque
390 1563 509 1606 animi,
526 1563 596 1607 qui,
613 1574 657 1595 ne
674 1563 758 1606 quid
776 1562 846 1595 tale
864 1561 1005 1604 videret,

134 1609 325 1642 Procubuit
340 1609 498 1651 moriens,
516 1613 552 1642 et
568 1608 715 1641 humum
732 1607 835 1641 semel
853 1618 909 1640 ore
926 1607 1120 1640 momordit.

133 1654 195 1688 Sin
212 1659 247 1687 et
264 1666 344 1698 opes
361 1654 469 1696 nobis,
486 1659 522 1688 et
539 1654 653 1687 adhuc
671 1655 804 1686 intaeta
816 1655 994 1696 juventus,

133 1700 344 1743 Auxilioque
362 1700 463 1733 urbes
482 1699 581 1732 Italae
600 1699 789 1743 populique
808 1704 1014 1742 supersunt;
1182 1699 1251 1731 420

133 1745 195 1780 Sin
212 1751 247 1779 et
265 1745 421 1789 Trojanis
439 1756 519 1779 cum
537 1745 650 1777 multo
667 1745 777 1788 gloria
795 1744 889 1777 venit
