1345 1927
872 0 1345 19 ’ἡ

150 98 216 130 272
457 95 494 130 Ρ.
514 95 716 129 VIRGILII
742 95 910 130 MARON
914 96 956 130 IS

151 162 314 195 Balatum
332 167 493 196 exercent
507 175 513 196 :
539 162 598 196 ille
615 173 714 207 asper
730 167 765 196 et
782 162 967 207 improbus,
986 164 1038 198 ira

151 208 258 241 Saevit
275 208 312 241 in
329 208 487 242 absentes
502 221 510 249 ;
535 208 680 242 coUecta
697 208 825 251 fatigat
841 209 966 242 edendi

151 253 205 286 Ex
222 253 324 297 longo
340 253 462 297 rabies,
479 258 514 287 et
531 254 628 287 siccae
646 254 815 297 sanguine
832 254 958 288 fauces.

152 297 259 331 Haud
277 299 380 332 aliter
397 299 538 342 Rutulo,
555 310 670 333 muros
688 305 723 332 et
740 304 853 333 castra
872 300 997 343 tuenti,

152 343 344 387 Ignescunt
360 345 421 378 irae
436 358 444 385 ;
469 345 566 378 duris
585 345 680 378 dolor
697 344 827 378 ossibus
844 345 943 378 ardet
957 358 965 386 ς

153 389 230 430 Qua
246 394 360 423 tentet
376 390 510 424 ratione
528 390 653 432 aditus,
673 394 707 423 et
724 401 800 434 quae
818 390 874 424 via
891 390 1025 424 clausos

152 434 320 468 Excutiat
337 435 483 469 Teucros
501 436 602 478 vallo,
619 440 725 479 atque
741 436 898 469 effundat
914 436 951 468 in
969 447 1093 480 aequor.

153 480 313 523 Classem,
331 492 409 524 quae
427 481 528 514 lateri
547 486 737 514 castrorum
754 481 922 524 adjuncta
938 481 1082 525 latebat,

151 525 347 569 Aggeribus
364 531 498 570 septam
515 527 645 559 circum
663 531 698 559 et
714 526 913 559 fluvialibus
929 527 1043 570 undis,
1223 528 1267 562 70

152 570 314 612 Invadit;
339 572 514 615 sociosque
530 571 691 604 incendia
706 572 818 615 poscit
834 576 976 606 ovantes
990 585 998 613 3

152 617 267 660 Atque
284 628 428 650 manum
445 618 531 660 pinu
547 617 711 660 flagranti
727 616 882 650 fervidus
899 617 1030 661 implet.

116 701 124 711 ι
151 661 241 694 Tum
258 673 337 695 vero
354 661 562 695 incumbunt
577 675 584 702 ς
609 664 710 705 urget
727 662 911 706 praesentia
927 662 1036 696 Turni
1049 675 1060 704 ;

152 707 268 750 Atque
285 708 395 741 omnis
411 708 545 741 facibus
562 707 670 752 pubes
687 708 881 750 accingitur
897 708 991 742 atris.

151 752 334 796 Diripuere
351 753 443 787 focos
457 766 466 794 ;
490 754 628 798 piceum
645 753 712 786 fert
728 753 863 786 fumida
879 753 999 786 lumen

152 798 265 841 Taeda,
283 803 318 832 et
335 799 560 832 commixtam
578 798 757 832 Vulcanus
774 798 818 832 ad
835 803 928 832 astra
944 799 1112 833 favillam.

200 844 284 885 Quis
301 844 395 886 deus,
413 856 432 878 o
449 844 568 888 Musae,
586 849 659 878 tam
677 855 766 878 saeva
782 844 943 878 incendia
960 844 1100 879 Teucris

151 889 316 923 Avertit?
341 893 458 923 tantos
475 889 608 923 ratibus
625 890 702 933 quis
719 890 854 933 depulit
870 890 994 933 ignes?

152 934 277 969 Dicite.
326 935 442 968 Prisca
459 935 543 968 fides
559 935 663 978 facto,
681 935 740 968 sed
756 936 851 968 fama
867 936 1036 979 perennis.

153 980 318 1024 Tempore
334 992 402 1024 quo
418 981 570 1024 primum
588 981 741 1024 Phrygia
756 979 928 1014 formabat
945 981 982 1014 in
1000 981 1065 1015 Ida
1221 983 1266 1015 80

155 1026 282 1059 AEneas
299 1026 451 1069 classem,
469 1031 504 1060 et
521 1026 636 1070 pelagi
653 1031 770 1070 petere
786 1026 859 1059 alta
874 1026 1030 1070 parabat,

155 1072 236 1115 Ipsa
252 1071 355 1105 deum
372 1072 484 1105 fertur
501 1072 661 1115 genetrix
678 1071 884 1115 Berecyntia
899 1082 1068 1115 magnum

154 1117 306 1150 Vocibus
322 1117 376 1150 his
393 1117 500 1151 affata
517 1117 541 1151 J
544 1128 643 1150 ovem
657 1129 663 1149 :
688 1116 706 1132 “
718 1115 783 1158 Da,
800 1121 892 1159 nate,
909 1116 1054 1160 petenti,

155 1162 255 1203 Quod
271 1167 335 1196 tua
352 1173 431 1196 cara
448 1174 572 1206 parens
589 1162 719 1195 domito
736 1166 771 1195 te
787 1161 898 1205 poscit
915 1161 1072 1206 Olympo.

154 1207 263 1241 Pinea
280 1208 367 1241 silva
383 1207 471 1240 mihi
487 1207 616 1241 multos
633 1207 761 1240 dilecta
777 1218 838 1250 per
855 1218 980 1240 annos:

154 1252 285 1297 [Lucus
301 1254 339 1286 in
357 1264 433 1286 arce
450 1253 519 1287 fuit
537 1264 681 1295 summa,
699 1263 765 1295 quo
782 1263 878 1286 sacra
893 1251 1060 1296 ferebant,

154 1299 186 1331 N
189 1299 320 1342 igi-anti
336 1299 434 1342 picea
452 1298 678 1341 trabibusque
695 1297 860 1331 obscurus
876 1298 1009 1331 acernis
1023 1297 1048 1342 ι]

155 1344 230 1378 Has
247 1356 310 1388 ego
326 1344 503 1378 Dardanio
515 1344 649 1388 juveni,
665 1354 775 1387 quum
792 1343 909 1377 classis
926 1347 1052 1387 egeret,

155 1389 252 1424 Laeta
269 1390 349 1423 dedi
363 1402 372 1431 ς
397 1401 491 1422 nunc
509 1389 692 1423 sollicitam
708 1389 811 1422 timor
827 1389 954 1422 anxius
970 1393 1082 1432 urget.

155 1435 256 1469 Solve
271 1439 396 1478 metus,
412 1438 519 1479 atque
534 1434 599 1468 hoc
615 1434 774 1479 precibus
791 1434 864 1468 sine
880 1445 978 1478 posse
993 1438 1182 1479 parentem,
1222 1436 1268 1469 90

155 1480 208 1514 Ne
225 1491 328 1514 cursu
345 1485 516 1524 quassatae
532 1480 604 1513 ullo
621 1491 691 1513 neu
706 1479 845 1513 turbine
861 1480 958 1513 venti

157 1524 374 1558 Vincantur:
400 1524 510 1568 prosit
526 1523 652 1556 nostris
669 1524 707 1556 in
724 1523 901 1557 montibus
918 1524 1045 1559 ortas.”

156 1570 268 1603 Filius
285 1569 368 1603 huic
385 1574 513 1612 contra,
531 1573 669 1613 torquet
687 1569 745 1613 qui
763 1568 876 1603 sidera
890 1569 1016 1603 mundi
1031 1570 1045 1603 :⁶

156 1616 175 1632 “
190 1615 218 1648 O
235 1615 406 1658 genetrix,
423 1626 490 1658 quo
507 1615 581 1648 fata
598 1625 698 1648 vocas
712 1613 724 1647 2
748 1619 812 1647 aut
828 1615 912 1658 quid
929 1615 1019 1659 petis
1035 1615 1112 1650 istis
1128 1615 1141 1650 ‘3

154 1657 342 1692 Mortaline
357 1670 465 1692 manu
481 1658 584 1692 factae
601 1658 796 1692 immortale
813 1658 940 1693 carinae

154 1703 222 1738 Fas
238 1703 390 1738 habeant
406 1704 418 1738 2
443 1708 624 1747 certusque
640 1704 773 1738 incerta
788 1704 943 1748 pericula
958 1704 1084 1740 lustret

155 1749 310 1784 AEneas2
336 1750 394 1784 cui
410 1753 511 1785 tanta.
528 1749 590 1784 deo
606 1749 774 1795 permissa
789 1749 968 1795 potestas?
