1330 1932
412 88 633 123 AENEIDOS
657 89 745 124 LIB.
772 89 834 124 VI.
1118 92 1186 123 219

75 154 159 195 Quae
175 154 269 198 regio
286 155 470 198 Anchisen,
488 155 566 198 quis
582 155 688 188 habet
703 155 798 189 locus
812 155 824 189 2
848 155 943 188 illius
960 167 1040 199 ergo
1119 158 1186 190 670

74 199 249 243 Venimus,
266 204 301 233 et
317 212 460 244 magnos
477 200 580 234 Erebi
595 201 811 234 tranavimus
827 201 974 234 amnes.'’

70 244 187 288 Atque
203 245 286 279 huic
301 257 503 289 responsum
517 246 639 286 paucis
655 246 707 279 ita
722 246 875 279 reddidit
891 246 990 279 heros
1004 257 1012 280 :

73 290 202 324 “Nulli
219 295 312 325 certa
329 291 450 325 domus
467 304 474 325 :
499 291 586 325 lucis
603 292 803 325 habitamus
823 289 952 333 opacis,

70 333 306 378 Riparumque
323 338 413 367 toros
429 338 464 368 et
480 337 581 377 prata
597 333 751 366 recentia
766 333 850 366 rivis

70 379 267 413 Incolimus.
316 379 382 413 Sed
399 391 466 422 vos,
485 379 513 412 si
528 379 598 411 fert
614 378 665 412 ita
682 378 782 411 corde
799 378 970 421 voluntas,

69 424 145 457 Hoc
163 429 322 468 superate
334 427 482 469 jugum:
508 427 542 457 et
559 424 655 457 sacili
666 425 742 467 jam
758 423 898 457 tramite
916 421 1065 458 sistam”

67 468 178 512 Dixit,
196 474 232 503 et
248 475 330 503 ante
346 470 429 503 tulit
445 480 610 513 gressum,
628 480 834 512 camposque
850 469 1002 502 nitentes

67 514 224 559 Desuper
239 519 391 549 ostentat
405 527 414 556 ;
439 515 564 548 dehinc
581 526 716 547 summa
732 514 914 548 cacumina
930 514 1104 558 linquunt.

113 560 161 593 At
178 564 277 604 pater
293 561 461 593 Anchises
478 560 618 604 penitus
636 559 791 593 convalle
809 559 936 593 virenti

67 604 224 639 Inclusas
241 606 384 648 animas,
403 616 634 649 superumque
651 605 696 638 ad
713 605 830 637 lumen
847 605 968 648 ituras,
1115 607 1183 638 680

67 650 253 685 Lustrabat
270 652 384 684 studio
401 651 562 693 recolens,
580 661 785 693 omnemque
802 661 943 683 suorum

67 695 170 729 Forte
186 696 384 729 recensebat
401 707 595 738 numerum,
614 707 776 739 carosque
793 699 944 738 nepotes,

68 740 234 785 Fataque,
251 742 476 784 fortunasque
494 740 617 783 virstm,
635 752 822 784 moresque,
839 752 1042 784 manusque.

66 785 169 830 Isque
187 786 247 820 ubi
264 787 466 819 tendentem
482 786 666 819 adversum
682 797 743 829 per
759 786 919 828 gramina
935 786 1025 819 vidit

65 831 211 874 AEnean,
229 831 351 865 alacris
368 831 500 875 palmas
518 836 683 873 utrasque
700 831 850 863 tetendit
865 844 873 871 ;

65 876 262 921 Effusaeque
279 877 376 920 genis
393 876 544 910 lacrimae
558 888 567 917 ;
592 879 627 909 et
644 887 712 909 vox
729 876 861 909 excidit
878 887 935 909 ore
950 887 956 910 :

18 948 23 952 .
70 922 89 941 ‘⁴
101 921 235 954 Venisti
252 920 405 963 tandem,
423 924 552 962 tuaque
569 925 729 963 spectata
746 920 883 964 parenti

65 965 158 999 Vicit
175 966 242 999 iter
259 966 386 999 durum
402 967 513 1010 pietas
527 966 539 999 ’ἒ
564 966 670 999 datur
686 977 745 1000 ora
762 967 862 1010 tueri,

62 1010 163 1054 Nate,
182 1016 253 1054 tua,
271 1016 306 1045 et
322 1016 421 1045 notas
437 1012 558 1045 audire
575 1016 609 1045 et
625 1012 768 1045 reddere
784 1024 882 1046 voces
896 1013 909 1047 2

63 1056 119 1090 Sic
137 1057 296 1101 equidem
313 1057 481 1090 ducebam
498 1057 622 1099 animo,
639 1056 805 1101 rebarque
822 1059 992 1102 futurum,
1111 1063 1178 1094 690

62 1102 230 1146 Tempora
246 1103 468 1136 dinumerans
483 1115 491 1144 3
515 1114 579 1136 nec
596 1114 651 1136 me
666 1114 745 1136 mea
761 1114 844 1136 cura
860 1104 995 1139 fefellit.

64 1148 156 1189 Quas
173 1159 235 1191 ego
252 1152 287 1182 te
304 1152 412 1182 terras
430 1152 465 1182 et
481 1152 614 1192 quanta
631 1160 692 1192 per
709 1160 847 1192 aequora
863 1154 1003 1183 vectum

62 1193 204 1237 Accipio
218 1196 225 1228 !
253 1194 392 1238 quantis
405 1195 591 1238 jactatum,
607 1198 699 1237 nate,
716 1195 853 1238 periclis
868 1196 875 1228 !

64 1241 177 1282 Quam
192 1243 313 1285 metui,
330 1254 374 1275 ne
394 1242 478 1286 quid
496 1242 613 1286 Libyae
630 1242 695 1275 tibi
711 1253 818 1285 regna
834 1245 997 1275 nocerent
1013 1241 1043 1277 !”

62 1286 127 1320 Ille
143 1291 262 1321 autem
277 1299 284 1321 ε
313 1289 330 1305 “
343 1288 417 1321 Tua
435 1299 500 1328 me,
519 1287 663 1329 genitor,
681 1291 744 1320 tua
761 1287 870 1319 tristis
887 1286 1011 1330 imago,

61 1329 195 1373 Saepius
212 1341 402 1373 occurrens,
420 1331 494 1363 haec
509 1330 633 1364 limina
648 1330 790 1363 tendere
807 1330 934 1374 adegit.

60 1374 164 1408 Stant
181 1374 251 1409 sale
268 1375 444 1420 Tyrrheno
462 1375 594 1409 classes.
641 1375 696 1409 Da
707 1376 856 1419 jungere
873 1377 1043 1420 dextram,

59 1419 123 1463 Da,
141 1421 277 1463 genitor
291 1434 299 1461 ;
324 1425 428 1464 teque
444 1420 609 1464 amplexu
625 1432 669 1454 ne
685 1421 848 1455 subtrahe
866 1420 1008 1457 nostr0.”

59 1465 115 1498 Sic
131 1477 324 1499 memorans
340 1466 436 1509 largo
453 1466 539 1499 fietu
556 1466 659 1499 simul
676 1477 735 1500 ora
750 1466 896 1510 rigabat.

58 1511 124 1544 Ter
140 1515 284 1545 conatus
300 1512 350 1544 ibi
367 1511 454 1545 collo
471 1511 552 1544 dare
568 1511 711 1545 brachia
728 1512 858 1545 circum
873 1524 879 1546 :
1105 1513 1172 1548 700

57 1556 123 1589 Ter
138 1557 269 1590 frustra
286 1568 486 1600 comprensa
501 1568 626 1590 manus
643 1557 766 1600 effugit
782 1557 908 1602 imago,

57 1601 127 1635 Par
142 1601 276 1636 levibus
292 1603 415 1644 ventis,
433 1602 634 1645 volucrique
650 1602 828 1637 simillima
845 1614 971 1638 somno.

104 1647 243 1681 Interea
258 1647 354 1681 videt
370 1648 497 1681 AEneas
513 1648 551 1680 in
567 1647 657 1682 valle
672 1648 816 1682 reducta

56 1692 237 1726 Seclusum
253 1704 384 1737 nemus,
402 1697 437 1727 et
454 1693 608 1737 virgulta
625 1694 784 1728 sonantia
801 1694 907 1737 silvis,

56 1737 314 1784 Lethaeumque,
331 1738 448 1773 domos
465 1739 619 1784 placidas
636 1739 698 1784 qui
713 1743 894 1784 praenatat‚
912 1750 1058 1775 amnem
