1345 1927
183 67 251 100 274
494 65 533 100 P.
558 64 761 98 VIRGILII
787 63 1001 98 MARONIS

183 130 221 164 Si
237 142 306 175 qua
323 130 478 175 Phryges
494 143 564 175 prae
582 143 617 165 se
629 133 777 175 jactant,
795 143 957 176 responsa
973 131 1124 165 deorum.

184 176 246 210 Sat
264 176 345 209 fatis
364 177 559 221 Venerique
575 177 707 217 datum,
725 177 870 220 tetigere
887 177 978 221 quod
995 188 1079 211 arva

184 221 324 255 Fertilis
338 222 499 256 Ausoniae
517 222 630 256 Troes.
678 222 769 256 Sunt
786 229 820 256 ct
837 234 915 256 mea
931 226 1053 256 contra

184 267 275 301 Fata
290 267 386 310 mihi,
403 268 493 301 ferro
511 268 712 302 sceleratam
729 268 929 301 exscindere
945 272 1095 311 gentem,

185 313 339 357 Conjuge
356 318 526 357 praerepta
544 326 551 354 3
576 325 640 347 nec
657 313 743 346 solos
761 314 877 356 tangit
894 313 1035 347 Atridas

184 357 257 392 Iste
275 359 379 401 dolor,
397 359 545 402 solisque
562 359 645 392 licet
663 370 783 403 capere
800 370 896 392 arma
913 359 1080 402 Mycenis.

184 404 251 438 Sed
269 405 408 448 periisse
426 404 531 437 semel
549 404 631 437 satis
649 410 709 437 est.
758 404 905 438 Peccare
921 404 1045 438 fuisset
1237 403 1303 436 140

184 450 278 483 Ante
295 450 387 492 satis,
406 450 544 493 penitus
561 450 662 483 modo
679 461 747 482 non
765 461 874 492 genus
891 461 991 483 omne
1009 460 1144 494 perosos

185 495 399 528 Femineum.
449 495 581 536 Quibus
599 495 672 528 haec
690 495 794 528 medii
812 495 940 528 fiducia
956 495 1051 538 valli,

186 539 438 583 Fossarumque
455 551 568 583 morae,
585 540 648 573 leti
665 540 864 574 discrimina
882 552 999 584 parva,

185 585 281 619 Dant
298 586 440 619 animos.
488 586 537 618 At
554 596 623 618 non
640 585 805 618 viderunt
821 587 949 618 moenia
965 586 1075 630 Trojae

186 630 344 675 Neptuni
360 630 530 664 fabricata
546 642 654 664 manu
671 631 847 664 considere
863 631 901 663 in
918 631 1038 674 ignes?

186 676 253 710 Sed
270 687 339 719 vos,
357 687 376 709 o
393 676 484 719 lecti,
501 677 591 709 ferro
608 676 669 720 qui
687 676 840 709 scindere
858 676 990 709 vallum

187 723 354 766 Apparat,
372 725 407 754 et
424 733 560 754 mecum
577 721 714 755 invadit
730 722 944 765 trepidantia
960 721 1098 756 castra?

139 782 142 783 ⁷
186 767 266 801 hon
282 767 386 800 armis
403 767 490 800 mihi
508 767 667 808 Vulcani,
685 779 754 800 non
771 767 867 800 mille
884 767 1009 801 carinis

186 813 250 846 Est
267 824 353 857 opus
369 813 406 845 in
424 812 581 846 Teucros.
630 812 773 846 Addunt
791 824 825 846 se
842 818 1007 857 protenus
1023 823 1141 847 omnes
1247 853 1253 857 ,

186 858 325 892 Etrusci
343 858 458 891 socios.
507 857 677 891 Tenebras
695 862 730 891 et
746 859 872 892 inertia
888 859 985 892 furta
1240 858 1306 891 150

204 903 363 946 Palladii,
381 904 476 937 caesis
494 915 638 936 summae
656 903 856 937 custodibus
873 903 988 948 arcis‚]

223 960 241 982 e
257 949 426 989 timeant3
450 960 513 982 nec
531 949 610 992 equi
629 960 719 982 caeca
736 949 923 982 condemur
939 950 976 982 in
993 949 1071 983 alvo
1088 962 1097 990 ;

187 994 280 1028 Luce
297 995 414 1038 palam
432 999 566 1028 certum
583 998 635 1027 est
652 995 727 1038 igni
743 995 958 1028 circumdare
974 1006 1099 1028 muros.

189 1039 296 1073 Haud
314 1039 379 1072 sibi
396 1051 476 1072 cum
493 1040 625 1073 Danais
641 1051 714 1073 rem
730 1040 812 1073 faxo
829 1045 864 1073 et
881 1039 972 1084 pube
990 1040 1137 1084 Pelasga

187 1085 271 1118 Esse
287 1090 423 1128 putent,
442 1085 615 1118 decimum
633 1097 716 1129 quos
733 1085 871 1118 distulit
889 1086 1020 1119 Hector
1035 1087 1073 1119 in
1091 1096 1233 1119 annum.
1341 1080 1345 1130 ἶ,

187 1130 292 1164 Nunc
308 1130 403 1173 adeo,
420 1130 541 1163 melior
558 1131 720 1174 quoniam
738 1142 816 1174 pars
833 1136 912 1164 acta
929 1131 1006 1173 diei,
1343 1131 1345 1137 ’

189 1175 289 1217 Quod
307 1181 471 1219 superest,
488 1176 560 1209 laeti
577 1176 664 1209 bene
680 1176 785 1219 gestis
803 1187 945 1220 corpora
960 1177 1062 1210 rebus

188 1220 386 1263 Procurate,
404 1221 479 1263 viri,
498 1225 533 1254 et
550 1233 705 1265 pugnam
724 1226 858 1265 sperate
875 1222 1014 1266 parati?³

189 1266 329 1300 Interea
346 1266 494 1310 vigilum
511 1267 666 1300 excubiis
683 1267 837 1300 obsidere
854 1271 970 1311 portas
1338 1295 1340 1303 .

189 1312 280 1345 Cura
296 1312 401 1345 datur
417 1312 585 1356 Messapo,
603 1317 638 1345 et
654 1313 782 1346 moenia
799 1312 936 1356 cingere
953 1313 1110 1348 flammis.
1240 1313 1309 1345 160

188 1357 249 1391 Bis
267 1362 408 1401 septem,
427 1357 559 1391 Rutulo
576 1370 692 1391 muros
710 1358 770 1401 qui
786 1358 899 1391 milite
916 1363 1062 1401 servent,

188 1402 325 1437 Delecti
339 1415 348 1443 3
373 1407 427 1436 ast
443 1403 519 1436 illos
537 1404 675 1436 centeni
692 1415 863 1447 quemque
880 1408 1074 1448 sequuntur

188 1447 361 1492 Purpurei
380 1449 492 1482 cristis
504 1450 651 1492 juvenes
668 1460 821 1492 auroque
839 1450 979 1483 corusci.

188 1493 409 1537 Discurrunt,
427 1494 634 1538 variantque
652 1495 753 1536 vices,
770 1495 908 1538 fusique
924 1506 986 1539 per
1001 1494 1144 1529 herbam

189 1538 383 1582 Indulgent
400 1539 489 1582 vino,
508 1543 542 1572 et
560 1544 703 1573 vertunt
720 1544 869 1574 crateras
886 1540 1023 1574 ahenos.

190 1584 371 1618 Collucent
387 1585 484 1628 ignes
499 1597 506 1619 :
531 1589 668 1618 noctem
685 1586 842 1619 custodia
859 1586 957 1619 ducit

190 1628 386 1663 Insomnem
406 1630 497 1663 ludo.

237 1675 323 1708 Haec
340 1687 442 1719 super
459 1687 478 1709 e
494 1675 585 1709 vallo
602 1681 823 1721 prospectant
840 1676 955 1720 Troes,
972 1681 1008 1710 et
1023 1677 1128 1710 armis

189 1719 274 1756 Alta
290 1725 412 1754 tenent
425 1733 435 1762 ς
459 1732 523 1755 nec
539 1732 609 1755 non
625 1722 754 1767 trepidi
770 1722 954 1756 formidine
970 1726 1086 1766 portas
1130 1722 1145 1751 ἱ
