1330 1932
398 70 618 105 AENEIDOS
641 72 729 105 LIB.
757 71 818 105 IV.
1101 72 1163 105 171

52 134 128 169 Non
144 135 236 179 fugis
252 136 334 170 hinc
351 149 510 182 praeceps,
528 139 613 171 dum
629 138 844 182 praecipitare
861 137 1039 182 potestas?

51 181 77 214 J
78 193 133 214 am
149 193 244 215 mare
259 183 393 216 turbari
410 184 574 226 trabibus,
593 195 768 228 saevasque
785 184 916 217 videbis

51 226 224 260 Collucere
240 228 343 271 faces,
355 231 430 272 Jam
446 230 578 262 fervere
594 230 697 263 litora
712 229 870 272 fiammis,

50 271 90 324 Si
103 276 138 306 te
154 273 208 305 his
225 274 383 317 attigerit
401 275 500 308 terris
517 275 652 309 Aurora
666 280 868 309 morantem.

49 317 114 350 Eia
130 329 204 362 age,
220 330 343 363 rumpe
358 331 479 354 moras.
521 320 666 354 Varium
683 324 718 354 et
733 320 902 354 mutabile
919 330 1052 364 semper

50 364 227 400 Femina.”
275 365 331 398 Sic
348 365 443 399 fatus
459 367 554 398 nocti
571 377 606 399 se
623 366 812 400 immiscuit
829 370 925 400 atrae.
1098 365 1166 399 ,570

96 408 185 441 Tum
200 420 279 442 vero
296 409 423 442 AEneas
440 409 563 442 subitis
580 409 766 442 exterritus
782 409 913 442 umbris

51 453 198 497 Corripit
215 465 233 487 e
250 465 367 487 somno
385 466 517 499 corpus,
535 455 709 498 sociosque
725 455 853 498 fatigat
869 467 876 488 ε

53 497 284 542 “Praecipites
301 499 455 542 vigilate,
473 501 548 543 viri,
567 505 601 535 et
619 502 787 535 considite
805 501 966 534 transtris
981 513 990 543 3

51 543 181 578 Solvite
198 543 275 577 vela
292 543 363 576 citi.
404 546 498 577 Deus
515 544 641 577 aethere
657 544 782 576 missus
799 543 842 576 ab
859 543 942 583 alto,

51 589 79 622 F
81 589 229 623 estinare
244 589 375 632 fugam,
392 594 567 633 tortosque
584 589 734 622 incidere
751 589 861 630 funes,

51 636 141 668 Ecce
156 635 284 667 iterum
300 635 466 668 stimulat.
507 635 690 678 Sequimur
706 639 750 676 te,
769 638 886 667 sancte
903 633 1056 676 deorum,

53 680 215 724 Quisquis
232 692 276 723 es,
293 680 506 724 imperioque
522 681 649 713 iterum
666 691 824 724 paremus
841 683 992 713 ovantes.

53 726 154 759 Adsis
168 737 197 769 ο,
213 726 440 769 placidusque
452 727 563 769 juves,
580 729 615 758 et
633 725 743 758 sidera
760 725 844 758 coelo

55 770 190 805 Dextra
206 771 328 804 feras.'’
376 770 477 803 Dixit
490 783 497 811 ς
526 770 721 813 vaginaque
738 769 842 812 eripit
859 779 975 802 ensem

53 815 285 853 Fulmineum,
303 814 490 858 strictoque
505 814 587 847 ferit
603 813 797 846 retinacula-
812 813 912 845 ferro.
1101 813 1167 844 580

55 861 153 895 Idem
169 860 279 893 omnis
296 859 400 893 simui
415 860 516 892 ardor
531 859 637 893 habet
651 871 659 899 ;
683 858 895 902 rapiuntque
911 861 1087 900 ruuntque
1101 869 1108 890 ε

54 907 171 940 Litora
187 906 366 939 deseruere
380 917 389 946 ;
412 905 500 938 latet
517 905 580 938 sub
597 904 762 937 classibus
780 915 896 947 aequor
911 916 919 945 ς

54 951 188 986 Annixi
203 955 366 996 torquent
383 962 531 995 spumaS,
549 954 585 984 et
602 950 730 983 caerula
746 954 899 983 verrunt.

101 998 148 1030 Et
159 998 235 1041 jam
251 997 364 1041 prima
379 1008 467 1030 novo
485 995 668 1041 spargebat
683 995 816 1028 lumine
832 999 940 1028 terras

56 1043 198 1077 Tithoni
214 1054 372 1077 croceum
388 1043 549 1086 linquens
565 1042 700 1075 Aurora
717 1041 839 1074 cubile.

57 1089 192 1132 Regina
207 1101 226 1123 e
243 1088 391 1133 speculis
407 1093 449 1122 ut
465 1089 618 1132 primum
635 1087 805 1121 albescere
822 1086 936 1120 lucem

58 1135 166 1178 Vidit,
183 1139 218 1169 et
235 1135 379 1178 aequatis
396 1134 539 1167 classem
554 1133 737 1178 procedere
753 1133 848 1175 velis,

57 1181 242 1225 Litoraque
259 1185 294 1214 et
310 1191 436 1214 vacuos
454 1180 561 1213 sensit
577 1179 649 1212 sine
665 1179 795 1222 remige
811 1181 940 1222 portus,

57 1226 190 1270 Terque
206 1230 397 1270 quaterque
411 1236 521 1259 manu
535 1230 657 1269 pectus
672 1235 834 1268 percussa
851 1223 1023 1265 decorum,

60 1273 312 1315 Flaventesque
328 1270 476 1304 abscissa
493 1280 615 1309 comas
634 1270 651 1285 ‘⁶
665 1270 730 1301 l'ro
748 1269 888 1311 Jupiter
905 1270 912 1302 1
938 1267 1005 1300 ibit
1107 1266 1171 1298 590

62 1317 166 1361 Hic‚”
183 1317 245 1359 ait,
263 1317 328 1350 “et
344 1316 469 1349 nostris
485 1314 634 1348 illuserit
650 1314 785 1347 advena
801 1314 917 1356 regnis
931 1312 943 1345 ’ἒ

59 1363 139 1397 Non
155 1374 251 1396 arma
267 1362 463 1406 expedient,
480 1365 622 1404 totaque
639 1371 682 1393 ex
698 1359 784 1392 urbe
801 1361 999 1401 sequentur,

59 1409 310 1453 Deripientque
326 1412 418 1441 rates
435 1407 497 1440 alii
511 1405 695 1439 navalibus
710 1404 721 1438 ἵ
763 1404 827 1447 Ite,

59 1454 162 1488 Ferte
179 1454 240 1487 citi
256 1453 423 1497 flammas,
440 1453 520 1486 date
535 1451 623 1494 vela,
639 1450 810 1495 impellite
825 1460 945 1482 remos.

62 1500 154 1542 Quid
169 1499 312 1543 loquor?
330 1503 393 1532 aut
408 1499 470 1532 ubi
487 1497 586 1531 sum?
612 1497 696 1538 Quae
712 1499 866 1529 mentem
882 1494 1018 1528 insania
1033 1492 1174 1527 mutat?

62 1546 191 1580 Infelix
208 1546 317 1581 Dido!
343 1556 438 1578 nunc
457 1548 490 1577 te
505 1544 599 1577 facta
615 1542 723 1586 impia
739 1540 914 1584 tangunt?

62 1591 152 1625 Tum
167 1591 293 1634 decuit,
308 1602 416 1635 quum
432 1594 566 1634 sceptra
582 1588 696 1622 dabas.
744 1587 799 1620 En
816 1587 941 1620 dextra
956 1586 1120 1629 fidesque,

63 1637 175 1679 Quem
191 1648 306 1670 secum
322 1637 452 1681 patrios
469 1636 570 1669 aiunt
585 1638 722 1679 portare
738 1633 899 1677 penates!

65 1683 175 1724 Quem
192 1683 334 1716 subiisse
351 1682 503 1715 humeris
520 1681 716 1714 confectum
733 1683 836 1713 aetate
853 1678 1051 1722 parentem!

65 1728 143 1763 Non
159 1729 258 1772 potui
273 1728 459 1772 abreptum
475 1726 638 1761 divellere
655 1736 788 1770 corpuS,
804 1729 840 1758 et
856 1724 960 1758 undis
1112 1723 1178 1755 600
