1345 1927
152 100 217 131 158
467 97 506 132 P.
524 96 732 131 VIRGILII
756 95 975 130 MARONIS

146 164 333 209 Suspectas
349 163 511 198 habuisse
528 164 646 198 domos
663 163 883 207 Carthaginis
900 163 991 197 altae.

145 210 213 244 Sed
231 211 310 255 quis
328 210 395 245 erit
409 210 560 244 modus?
585 214 648 244 aut
666 221 733 254 quo
751 220 846 242 nunc
864 209 1056 242 certamina
1071 208 1199 243 tanta?

147 256 240 297 Quin
257 256 374 300 potius
390 267 512 300 pacem
530 260 695 290 aeternam
712 260 900 299 pactosque
917 254 1115 298 hymenaeos

145 301 357 335 Exercemus
371 301 384 335 '2
409 302 525 346 habes,
543 306 618 335 tota
636 301 728 346 quod
745 307 862 334 mente
879 301 999 345 petisti
1014 312 1021 334 :
1201 301 1268 334 100

144 348 256 381 Ardet
272 359 393 381 amans
410 347 512 391 Dido,
530 347 708 391 traxitque
727 358 788 391 per
805 357 880 380 ossa
895 346 1057 380 furorem.

146 393 372 427 Communem
389 393 484 426 hunc
501 404 581 436 ergo
599 392 767 437 populum
786 392 996 437 paribusque
1011 402 1173 436 regamus

143 439 320 483 Auspiciis
336 451 343 479 3
368 439 473 472 liceat
491 439 644 482 Phrygio
662 439 788 471 servire
805 439 941 481 marito,

142 484 348 528 Dotalisque
365 488 436 518 tuae
454 484 574 527 Tyrios
592 484 794 528 permittere
811 481 977 518 dextrae.'’

191 530 417 564 Olli—sensit
434 530 528 562 enim
546 529 710 562 simulata
726 534 844 563 mente
861 529 1025 574 locutam,

145 575 221 616 Quo
238 586 385 619 regnum
405 575 519 608 Italiae
537 575 684 617 Libycas
701 579 874 609 averteret
891 587 1013 609 oras—-

144 621 200 654 Sic
217 627 338 654 contra
355 624 407 654 est
424 620 579 664 ingressa
597 620 716 653 Venus
731 632 737 653 :
758 620 778 638 “
790 620 875 661 Quis
892 620 978 653 talia
992 616 1134 651 demens

144 667 298 709 Abnuat,
316 670 379 699 aut
396 670 514 699 tecum
530 665 634 699 malit
651 666 860 699 contendere
875 664 965 698 bello
980 665 992 697 ’ζ

144 712 181 746 Si
198 712 310 755 modo,
327 712 420 756 quod
437 723 617 754 memoras,
634 711 770 744 factum
786 711 930 745 fortuna
946 713 1120 755 sequatur.

145 758 212 791 Sed
230 758 312 791 fatis
330 758 463 791 incerta
481 757 582 800 feror,
601 757 629 790 si
646 757 792 801 Jupiter
807 768 916 790 unam
1204 757 1272 790 110

144 803 228 836 Esse
245 803 332 837 velit
349 803 462 846 Tyriis
478 802 601 836 urbem
618 803 789 846 Trojaque
805 802 982 847 profectis,

145 849 330 882 Miscerive
347 848 469 892 probet
487 847 642 892 populos,
660 853 724 881 aut
740 848 871 882 foedera
882 848 996 892 jungi.

144 894 197 928 Tu
215 896 345 939 conjux
360 907 369 935 ;
395 894 462 927 tibi
479 895 532 927 fas
549 893 707 927 animum
724 898 860 927 tentare
878 893 1060 937 precando.

147 938 256 981 Perge
271 949 280 977 ;
306 937 461 980 sequar.”
508 937 598 971 Tum
616 937 664 970 sic
682 937 821 980 excepit
837 937 933 979 regia.
949 936 973 969 J
977 947 1046 969 uno
1061 948 1068 970 :

148 984 166 1000 “
181 983 320 1014 Mecum
338 981 404 1014 erit
421 981 487 1014 iste
504 981 609 1015 labor.
658 981 691 1014 N
695 992 762 1014 unc
779 992 850 1024 qua
865 981 1011 1025 ratione,
1028 981 1120 1027 quod
1137 982 1257 1025 instat,
1300 993 1303 1001 ¹

147 1025 296 1058 Confieri
313 1025 432 1069 possit,
449 1026 580 1069 paucis,
598 1025 749 1068 adverte,
768 1026 904 1060 docebo.

146 1070 324 1104 Venatum
342 1070 469 1104 AEneas
485 1083 626 1115 unaque
642 1072 835 1105 miserrima
852 1072 943 1106 Dido
1301 1039 1316 1116 ἔ

146 1116 189 1149 In
207 1128 329 1149 nemus
346 1116 396 1149 ire
413 1122 550 1161 parant,
567 1117 629 1150 ubi
647 1117 774 1161 primos
792 1118 963 1151 crastinus
980 1123 1077 1153 ortus

145 1161 327 1195 Extulerit
343 1162 460 1205 Titan,
477 1162 653 1206 radiisque
669 1164 836 1197 retexerit
853 1163 978 1198 orbem.
1296 1192 1299 1194 .

146 1207 213 1240 His
230 1219 293 1251 ego
310 1208 511 1251 nigrantem
528 1209 720 1241 commixta
736 1209 907 1252 grandine
924 1209 1095 1254 nimbum,
1206 1212 1274 1244 120

145 1253 241 1286 Dum
258 1253 439 1297 trepidant
456 1253 530 1296 alae,
549 1254 728 1297 saltusque
745 1255 912 1298 indagine
929 1255 1088 1300 cingunt,

145 1298 304 1342 Desuper
319 1299 516 1342 infundam,
534 1304 570 1333 et
586 1300 722 1333 tonitru
739 1300 865 1333 coelum
882 1312 982 1335 omne
1000 1302 1105 1336 ciebo.

146 1344 344 1388 Diffugient
361 1345 513 1386 comites,
532 1349 568 1378 et
584 1349 686 1378 nocte
703 1350 868 1389 tegentur
884 1358 1014 1391 opaca:

146 1390 359 1434 Speluncam
376 1390 468 1424 Dido
487 1391 560 1424 dux
578 1395 614 1424 et
631 1391 800 1435 Trojanus
817 1392 962 1426 eandem

146 1436 353 1469 Devenient.
402 1436 527 1480 Adero,
545 1441 590 1477 et,
608 1441 672 1470 tua
689 1437 716 1470 si
733 1438 821 1470 mihi
838 1442 932 1472 certa
948 1439 1122 1482 voluntas,

148 1481 327 1515 Connubio
339 1483 490 1525 jungam
507 1482 623 1515 stabili
640 1484 884 1527 propriamque
901 1484 1032 1519 dicabo.

147 1527 218 1560 Hic
236 1527 451 1570 Hymenaeus
469 1527 565 1561 erit.’'
615 1528 694 1560 Non
711 1528 894 1561 adversata
910 1528 1045 1572 petenti

145 1572 294 1615 Annuit,
313 1578 418 1617 atque
436 1574 523 1607 dolis
540 1574 618 1607 risit
635 1574 806 1618 Cytherea
821 1576 977 1619 repertis.

196 1618 375 1652 Oceanum
391 1619 525 1653 interea
542 1631 685 1663 surgens
703 1621 837 1654 Aurora
853 1621 1031 1666 relinquit.

148 1663 184 1697 It
202 1665 322 1707 portis,
334 1664 459 1708 jubare
477 1670 605 1708 exorto,
623 1666 759 1699 delecta
770 1667 960 1710 juventus:
1205 1669 1274 1702 130
1339 1673 1345 1706 1

147 1709 251 1742 Retia
267 1721 356 1754 rara,
373 1710 497 1755 plagae,
514 1711 586 1744 lato
604 1711 777 1745 venabula
792 1712 890 1755 ferro,

147 1754 364 1800 Massylique
380 1761 491 1790 ruunt
507 1757 651 1801 equites,
668 1762 704 1791 et
721 1757 826 1791 odora
842 1769 969 1792 canum
986 1758 1049 1793 vis.
