1330 1932
364 50 587 85 AENEIDOS
611 50 699 84 LIB.
726 51 766 85 V.

18 115 128 156 Quem
144 116 245 150 modo
261 117 380 151 navali
396 118 601 151 Mnestheus
618 117 807 150 certamine
824 118 935 151 victor

16 161 254 205 Consequitur,
272 163 376 196 viridi
393 163 597 196 Mnestheus
614 163 773 196 evinctus
791 163 903 197 oliva:

15 206 152 240 Tertius
169 207 349 252 Eurytion,
367 214 458 251 tuus,
475 220 495 241 o
512 209 708 250 clarissime,
725 209 843 251 frater,

15 252 183 296 Pandare,
201 255 261 297 qui
278 254 462 298 quondam,
475 255 593 298 jussus
610 254 821 288 confundere
837 254 961 297 foedus,

17 298 60 331 In
76 299 206 332 medios
222 299 333 332 telum
349 300 480 333 torsisti
497 300 629 344 primus
646 300 805 334 Achivos.

15 343 203 377 Extremus
219 345 388 389 galeaque
403 346 475 379 ima
491 345 645 379 subsedit
661 346 812 388 Acestes,

15 389 132 422 Ausus
149 396 184 423 et
201 391 275 434 ipse
290 403 398 424 manu
410 393 583 435 juvenum
599 396 736 424 tentare
752 391 914 426 laborem.

16 435 106 468 Tum
122 436 246 469 validis
262 436 369 469 flexos
386 437 573 470 incurvant
590 437 720 471 viribus
737 449 837 470 arcus

17 480 84 514 Pro
101 493 135 514 se
152 481 297 525 quisque
315 483 389 524 viri,
408 487 443 515 et
461 483 670 526 depromunt
687 483 758 516 tela
775 483 957 527 pharetris.

17 526 203 570 Primaque
219 539 280 571 per
297 528 423 561 coelum
439 540 544 562 nervo
562 529 730 562 stridente
748 529 878 572 sagitta

17 571 220 616 Hyrtacidae
232 574 373 616 juvenis
390 574 545 607 volucres
562 574 758 607 diverberat
775 586 877 608 auras
891 587 900 616 ;

17 617 65 650 Et
81 619 188 661 venit,
206 619 409 662 adversique
426 620 586 663 infigitur
603 619 721 652 arbore
737 620 830 653 mali.

19 663 209 697 Intremuit
224 664 346 707 malus,
365 665 552 709 timuitque
571 666 738 699 exterrita
753 665 878 709 pennis

18 709 110 751 Ales,
128 714 163 742 et
179 710 315 752 ingenti
332 715 523 744 sonuerunt
539 711 655 744 omnia
671 711 806 754 plausu.

20 754 104 788 Post
120 766 199 788 acer
215 755 422 788 Mnestheus
439 756 590 789 adducto
608 756 766 789 constitit
782 768 875 799 arcu,

18 800 109 851 Alta·
119 804 249 844 petenS,
265 801 463 844 pariterque
480 801 595 834 oculos
612 801 790 845 telumque
807 802 959 835 tetendit
973 814 979 836 :

18 846 84 878 Ast
100 857 212 889 ipsam
226 846 443 879 miserandus
460 858 560 880 avem
577 847 777 890 contingere
793 847 884 881 ferro

18 890 98 923 Non
115 891 228 925 valuit
243 904 252 932 ;
277 892 383 925 nodos
400 898 435 925 et
452 892 594 925 vincula
609 892 703 926 linea
718 893 825 937 rupit,

22 936 126 976 Queis
143 937 273 970 innexa
289 938 413 981 pedem
429 938 521 980 malo
538 938 712 982 pendebat
729 938 772 971 ab
788 939 860 972 alto
875 951 882 973 :

21 981 89 1014 Illa
104 986 203 1016 notos
219 987 326 1027 atque
342 988 419 1017 atra
435 984 554 1017 volans
571 984 609 1016 in
625 984 746 1017 nubila
762 985 864 1028 fugit.

20 1027 110 1060 Tum
125 1028 267 1072 rapidus
279 1029 494 1072 jamdudum
511 1041 594 1062 arcu
611 1034 775 1063 contenta
791 1035 912 1074 parato

20 1073 104 1106 Tela
121 1078 251 1116 tenens,
269 1075 414 1108 fratrem
430 1075 602 1119 Eurytion
618 1076 656 1108 in
674 1080 756 1109 vota
771 1077 919 1120 vocavit,

21 1119 47 1152 J
48 1130 105 1151 am
121 1131 230 1152 vacuo
246 1119 365 1153 laetam
382 1120 466 1154 coelo
484 1121 682 1165 speculatus
696 1134 705 1162 ;
730 1126 766 1155 et
782 1121 847 1155 alis

21 1164 253 1198 Plaudentem
268 1166 370 1210 nigra
386 1166 465 1209 figit
482 1166 546 1199 sub
562 1167 655 1200 nube
672 1167 877 1201 columbam.

21 1209 162 1243 Decidit
178 1212 358 1255 exanimis,
376 1212 554 1255 vitamque
570 1213 714 1256 reliquit
730 1213 766 1246 in
784 1214 886 1246 astris

22 1255 200 1299 AEtheriis,
216 1256 392 1300 fixamque
407 1258 514 1291 refert
532 1258 673 1301 delapsa
689 1259 863 1301 sagittam.

23 1302 159 1335 Amissa
176 1302 267 1335 solus
282 1303 400 1346 palma
416 1303 602 1347 superabat
619 1303 759 1337 Acestes
773 1315 779 1337 :

24 1347 92 1388 Qui
109 1352 227 1380 tamen
243 1348 354 1381 aerias
370 1349 481 1381 telum
498 1349 677 1382 contendit
692 1349 731 1382 in
746 1358 858 1393 auras,

25 1393 212 1426 Ostentans
229 1398 407 1438 artemque
423 1399 524 1438 pater
540 1406 727 1438 arcumque
744 1400 934 1429 sonantem.

23 1438 93 1472 Hic
110 1439 218 1472 oculis
235 1439 391 1473 subitum
407 1440 570 1482 objicitur
585 1452 780 1484 magnoque
795 1441 957 1474 futurum

23 1485 181 1528 Augurio
196 1490 411 1519 monstrum:
437 1486 555 1519 docuit
571 1490 649 1529 post
666 1487 781 1520 exitus
798 1487 930 1531 ingens,

24 1529 174 1574 Seraque
191 1531 332 1564 terrifici
349 1531 549 1565 cecinerunt
565 1532 682 1565 omina
697 1536 803 1566 vates.

24 1575 183 1619 Namque
199 1576 319 1610 volans
335 1576 479 1620 liquidis
495 1577 533 1610 in
549 1576 699 1610 nubibus
715 1577 801 1611 arsit
817 1578 961 1622 arundo,

25 1620 254 1665 signavitque
270 1622 365 1656 viam
380 1622 539 1666 flammis,
556 1627 747 1666 tenuesque
762 1624 903 1657 recessit

26 1666 214 1701 consumta
229 1668 267 1700 in
283 1673 405 1702 ventos
419 1680 426 1701 ;
451 1669 536 1702 coelo
553 1679 617 1701 ceu
634 1680 724 1712 saepe
739 1669 850 1702 refixa

25 1712 281 1748 Transcurrunt
297 1714 497 1758 crinemque
513 1714 668 1750 volantia
683 1714 796 1750 sidera
812 1715 957 1750 ducunt.

1070 53 1135 84 189

1067 439 1135 470 500

1071 896 1139 927 510

1072 1353 1140 1384 520
