1345 1927
127 60 195 92 220
437 60 474 92 Ρ.
493 59 696 92 VIRGILII
723 59 937 93 MARONIS

129 126 235 159 Hunc
253 126 384 159 circum
400 127 589 160 innumerae
607 130 728 169 gentes
746 126 934 170 populique
951 126 1135 160 volabant:
1306 163 1312 171 ‚

128 173 179 205 Ac
196 172 293 205 velut
308 172 345 204 in
363 173 470 216 pratis
488 172 547 205 ubi
564 183 645 216 apes
663 177 783 205 aestate
801 183 920 205 serena
1307 174 1311 179 ”

129 217 288 251 Floribus
305 218 462 251 insidunt
479 218 593 259 variis,
611 222 645 250 et
663 217 811 250 candida
828 217 958 250 circum

129 262 219 296 Lilia
235 263 453 304 funduntur3
478 263 602 307 strepit
619 263 729 296 omnis
746 274 923 296 murmure
939 274 1090 307 campus.

131 307 310 342 Horrescit
328 309 403 342 visu
421 308 544 351 subito,
563 319 752 351 causasque
769 308 915 351 requirit
1178 308 1244 342 710

130 353 265 387 Inscius
282 354 418 396 AEneas,
436 365 512 398 quae
530 354 600 386 sint
617 365 657 387 ea
673 353 820 386 flumina
837 365 945 397 porro,

130 398 241 440 Quive
259 399 324 432 viri
341 404 440 432 tanto
457 399 663 443 complerint
680 399 818 442 agmine
836 399 937 443 ripas.

129 444 219 477 Tum
236 449 334 489 pater
352 444 518 477 Anchises
532 456 539 478 :
561 446 581 463 “
595 448 738 488 Animae,
755 447 881 491 quibus
898 447 1008 480 altera
1024 447 1097 480 fato

130 489 278 534 Corpora
294 489 473 533 debentur,
492 490 623 524 Lethaei
640 490 684 523 ad
701 490 855 522 fluminis
872 490 1003 524 undam

129 534 273 569 Securos
289 535 410 568 latices
427 539 462 568 et
479 535 583 578 longa
599 535 727 568 oblivia
743 539 875 578 potant.

130 580 204 614 Has
222 581 383 624 equidem
399 591 587 614 memorare
605 580 669 613 tibi
687 584 792 624 atque
808 580 987 614 ostendere
1004 592 1129 623 coram,

129 626 155 660 J
157 626 348 670 ampridem
365 626 455 659 hanc
473 626 603 670 prolem
620 625 722 669 cupio
739 636 939 659 enumerare
954 636 1108 659 meorum
1122 637 1130 660 :

130 671 205 713 Quo
221 672 332 716 magis
350 672 455 705 Italia
471 675 609 705 mecum
625 671 742 704 laetere
757 674 902 715 reperta.

131 717 158 750 O
177 722 284 761 pater,
302 729 392 751 anne
409 717 543 761 aliquas
560 717 605 751 ad
622 717 748 750 coelum
765 716 847 749 hinc
864 717 913 749 ire
930 716 1128 761 putandum
1143 721 1194 750 est

129 762 300 796 Sublimes
316 763 459 805 animas,
477 763 672 807 iterumque
690 763 726 795 in
744 762 844 796 tarda
860 763 987 796 reverti
1179 763 1246 797 720

129 808 277 852 Corpora
291 808 303 842 2
329 819 405 859 quae
423 808 509 841 lucis
526 809 659 841 miseris
676 812 748 841 tam
766 808 841 841 dira
858 808 984 851 cupido
997 808 1010 841 ’ἔ

124 852 250 886 Dicam
266 852 429 896 equidem
445 864 454 892 3
479 863 543 885 nec
560 857 595 884 te
613 862 827 894 suspensum,
845 855 937 894 nate,
955 851 1078 886 tenebo
1092 851 1123 886 :”

125 897 279 941 Suscipit
297 897 474 939 Anchises,
495 901 600 941 atque
617 896 736 930 ordine
754 897 892 940 singula
910 897 1043 940 pandit.

172 944 191 960 ‘⁴
203 943 379 986 Principio
402 942 529 976 coelum
546 953 586 976 ac
602 945 721 982 terras,
738 953 945 986 camposque
961 942 1143 987 liquentes,

128 986 387 1029 Lucentemque
402 986 545 1029 globum
562 987 670 1020 Lunae
688 987 896 1030 Titaniaque
912 991 1015 1031 astra,

128 1030 278 1073 Spiritus
296 1031 391 1064 intus
408 1032 481 1075 alit,
500 1036 680 1076 totamque
697 1032 811 1066 infusa
827 1043 889 1076 per
905 1037 1002 1067 artus

127 1074 228 1109 Mens
245 1077 357 1120 agitat
373 1077 507 1119 molem,
525 1082 561 1111 et
577 1089 704 1121 magno
721 1089 756 1111 se
773 1089 911 1122 corpore
928 1079 1058 1113 miscet.

127 1120 215 1155 Inde
232 1121 412 1156 hominum
429 1123 671 1167 pecudumque
687 1135 807 1167 genus,
825 1124 977 1168 vitaeque
995 1126 1185 1170 volantum,

126 1165 174 1200 Et
190 1178 266 1211 quae
282 1179 471 1202 marmoreo
487 1169 555 1202 fert
572 1173 726 1202 monstra
743 1169 806 1202 sub
824 1181 959 1214 aequore
975 1178 1112 1216 pontus.

127 1212 258 1255 Igneus
276 1218 327 1248 est
344 1214 420 1248 offis
439 1215 536 1258 vigor
552 1218 587 1248 et
605 1214 751 1248 coelestis
769 1215 863 1259 origo
1176 1218 1243 1252 730

126 1256 331 1302 Seminibus,
349 1264 523 1304 quantum
539 1271 609 1293 non
626 1260 731 1294 noxia
748 1271 889 1305 corpora
905 1262 1057 1306 tardant,

125 1302 334 1348 Terrenique
350 1305 518 1340 hebetant
535 1310 632 1340 artus
648 1305 923 1352 moribundaque
935 1308 1098 1343 membra.

126 1348 220 1383 Hine
244 1354 418 1395 metuunt,
442 1352 682 1396 cupiuntque;
708 1352 835 1396 dolent,
858 1354 1106 1399 gaudentque5
1130 1365 1242 1399 neque

217 1406 318 1430 auras

123 1440 332 1485 Despiciunt
348 1442 472 1476 clausae
489 1443 640 1477 tenebris
657 1447 693 1477 et
709 1455 845 1478 carcere
861 1456 960 1479 caeco.

125 1485 218 1526 Quin
235 1491 270 1520 et
287 1499 446 1532 supremo
463 1500 571 1532 quum
587 1489 719 1523 lumine
736 1490 810 1524 vita
826 1491 978 1534 reliquit,

123 1531 157 1564 N
158 1543 202 1565 on
220 1536 337 1566 tamen
354 1545 455 1568 omne
471 1535 603 1568 malum
619 1535 762 1578 miseris,
780 1547 844 1570 nec
858 1537 1021 1570 funditus
1037 1547 1154 1571 omnes

124 1576 300 1621 Corporeae
317 1580 491 1614 excedunt
508 1585 620 1624 pestes
635 1594 642 1621 ;
667 1581 876 1626 penitusque
892 1593 1028 1616 necesse
1044 1586 1096 1616 est

123 1621 240 1656 Multa
256 1624 318 1657 diu
335 1630 495 1659 concreta
511 1627 622 1660 modis
638 1627 824 1661 inolescere
839 1628 944 1667 miris.

122 1667 213 1711 Ergo
230 1674 436 1704 exeacentur
452 1672 572 1716 poenis,
590 1676 815 1717 veterumque
831 1673 1002 1707 malorum

121 1712 301 1758 Supplicia
318 1717 531 1760 expendunt.
579 1718 668 1752 Aliae
685 1719 890 1762 panduntur
905 1719 1025 1754 inanes
1170 1719 1237 1754 740
