1330 1932
425 100 645 135 AENEIDOS
670 102 756 136 LIB.
783 102 845 136 IV.
1133 103 1196 134 163

82 166 247 201 Mortales
264 168 357 201 visus
374 169 486 201 medio
503 180 657 201 sermone
672 169 823 212 reliquit,

82 213 129 247 Et
144 214 264 257 procul
281 214 317 246 in
335 218 476 247 tenuem
493 226 536 247 ex
553 215 661 247 oculis
679 215 822 247 evanuit
838 225 969 247 auram.

128 259 177 292 At
193 271 272 293 vero
288 260 418 292 AEneas
434 264 577 304 aspectu
593 260 769 293 obmutuit
785 271 912 302 amens,

83 304 302 348 Arrectaeque
319 305 456 338 horrore
473 316 587 348 comae,
606 310 641 339 et
658 317 725 339 vox
741 305 900 339 faucibus
918 305 1030 339 haesit.
1130 307 1197 338 280

83 350 192 384 Ardet
209 351 302 384 abire
318 351 413 394 fuga,
431 351 618 394 dulcesque
634 351 828 395 relinquere
845 355 963 394 terrm,

83 396 265 430 Attonitus
282 401 380 430 tanto
397 397 533 430 monitu
549 397 760 441 imperioque
777 397 927 430 deorum.
1166 438 1169 439 ⁷

84 442 175 485 Heu,
193 442 277 486 quid
294 447 376 486 agat
390 442 402 475 ’ἒ
427 454 494 486 quo
511 454 604 475 nunc
620 443 777 486 reginam
794 442 924 476 ambire
940 442 1115 476 furentem

84 487 222 521 Audeat
239 488 374 521 affatu?
400 500 477 532 quae
494 489 606 532 prima
623 488 765 521 exordia
781 492 896 522 sumat
910 488 922 521 2

84 532 215 578 [Atque
231 534 387 567 animum
402 545 496 567 nunc
513 534 582 567 huc
599 534 752 577 celerem,
769 546 863 567 nunc
880 534 1006 567 dividit
1023 533 1117 576 illuc,

85 579 128 612 In
146 585 328 623 partesque
343 580 437 624 rapit
454 580 575 623 varias,
592 591 722 624 perque
739 581 854 613 omnia
871 578 1010 624 versat]
1026 593 1030 596 ·

86 624 172 658 Haec
189 625 378 658 alternanti
394 626 506 669 potior
523 626 695 659 sententia
712 625 785 659 visa
802 629 874 659 est:

85 669 269 704 Mnesthea
286 671 552 715 Sergestumque
569 676 678 714 vocat,
694 672 888 715 fortemque
905 670 1079 705 Serestum
1093 682 1100 705 :

88 716 237 749 Classem
253 721 377 760 aptent
393 717 502 760 taciti,
521 717 694 761 sociosque
711 717 756 750 ad
773 717 876 750 litora
892 721 1019 760 cogant
1032 729 1042 758 ;

86 761 194 795 Arma
210 766 343 806 parent,
360 767 404 805 et,
423 773 500 805 quae
517 762 562 796 sit
578 762 680 795 rebus
697 774 801 795 causa
816 763 994 805 novandis,
1134 763 1202 795 290

86 807 316 841 Dissimulent
330 819 337 841 :
363 819 434 840 sese
450 808 591 851 interea,
609 808 748 851 quando
765 809 896 852 optima
913 808 1003 841 Dido

87 853 237 896 Nesciat,
254 857 289 886 et
305 857 421 886 tantos
437 854 553 897 rumpi
569 865 639 886 non
656 857 770 896 speret
785 865 926 893 amores,

87 898 318 932 Tentaturum
334 899 460 941 aditus,
477 903 512 932 et
529 910 605 942 quae
621 899 823 932 mollissima
840 899 939 932 fandi

86 943 263 988 Tempora,
280 945 356 988 quis
372 944 474 978 rebus
491 944 613 978 dexter
628 945 759 978 modus.
809 945 912 978 Ocius
929 956 1046 978 omnes

87 989 237 1034 Imperio
253 990 325 1023 laeti
342 994 474 1034 parent,
491 1002 531 1023 ac
543 991 642 1034 jussa
657 991 841 1024 facessunt.

133 1037 181 1069 At
197 1036 318 1079 regina
334 1036 428 1069 dolos
446 1036 539 1080 (quis
555 1036 675 1070 fallere
691 1037 798 1080 possit
815 1040 992 1070 amantem
1005 1035 1033 1080 3)

87 1081 282 1124 Praesensit,
298 1086 482 1125 motusque
498 1082 635 1126 excepit
652 1083 765 1126 prima
780 1083 925 1125 futuros,

89 1127 213 1161 Omnia
230 1132 309 1161 tuta
325 1127 460 1162 timens.
507 1128 638 1161 Eadem
655 1128 763 1172 impia
779 1128 888 1162 Fama
903 1128 1035 1162 furenti

87 1173 224 1207 Detulit
241 1173 367 1207 armari
383 1173 535 1217 classem,
553 1185 760 1217 cursumque
777 1174 900 1218 parari.

88 1218 194 1252 Saevit
210 1219 309 1263 inops
325 1219 443 1262 animi,
461 1223 638 1263 totamque
655 1220 794 1254 incensa
811 1231 872 1264 per
888 1220 1010 1254 urbem
1136 1221 1204 1253 300

88 1264 305 1298 Bacchatur:
331 1265 442 1308 qualis
460 1266 637 1298 commotis
654 1265 770 1298 excita
787 1266 889 1298 sacris

89 1310 227 1353 Thyias,
244 1310 305 1343 ubi
321 1311 441 1344 audito
459 1310 642 1344 stimulant
659 1311 834 1345 trieterica
849 1311 987 1344 Baccho

91 1356 206 1399 Orgia,
224 1360 482 1400 nocturnusque
499 1360 600 1389 vocat
617 1356 763 1390 clamore
781 1356 963 1390 Cithaeron.

90 1401 244 1435 Tandem
260 1401 314 1434 his
330 1401 465 1434 AEnean
482 1402 667 1446 compellat
684 1402 824 1436 vocibus
840 1403 933 1435 ultro
947 1414 954 1436 z

138 1445 398 1479 “Dissimulare
415 1447 520 1479 etiam
538 1447 694 1490 sperasti,
713 1447 852 1491 perfide,
870 1451 1010 1481 tantum

90 1491 192 1525 Posse
208 1490 315 1533 nefas,
332 1490 530 1534 tacitusque
545 1501 623 1523 mea
640 1490 803 1523 decedere
819 1498 912 1523 terra
924 1497 937 1522 ’ί

90 1537 124 1571 N
126 1548 163 1570 ec
179 1540 215 1570 te
231 1540 346 1570 noster
363 1547 468 1579 amor,
484 1547 548 1569 nec
565 1540 600 1570 te
617 1535 700 1569 data
716 1535 859 1569 dextera
877 1535 1061 1579 quondam,

91 1583 164 1616 Nec
179 1583 348 1616 moritura
363 1586 460 1615 tenet
477 1582 609 1615 crudeli
625 1582 747 1615 funere
763 1581 853 1614 Dido
867 1581 879 1614 2

93 1629 184 1670 Quin
200 1628 307 1662 etiam
323 1627 465 1661 hiberno
481 1628 611 1661 moliris
628 1627 737 1660 sidere
754 1627 906 1670 classem,

93 1675 140 1709 Et
154 1674 275 1708 mediis
292 1685 452 1718 properas
469 1673 688 1717 aquilonibus
704 1673 753 1706 ire
770 1684 831 1717 per
847 1672 968 1714 altum,
1138 1672 1203 1705 310

95 1721 249 1755 Crudelis
263 1721 274 1755 2
301 1721 392 1762 Quid
407 1721 418 1755 ’ἒ
445 1720 473 1753 si
489 1731 558 1753 non
575 1731 658 1753 arva
674 1719 788 1752 aliena
805 1719 990 1761 domosque

96 1766 236 1811 Ignotae
253 1771 395 1812 peteres,
413 1770 448 1801 et
464 1767 565 1810 Troja
581 1765 727 1809 antiqua
741 1768 907 1807 maneret,
