1320 1932
434 68 649 102 AENEIDOS
674 69 761 103 LIB.
787 69 828 103 X.
1118 72 1180 104 30}

71 130 188 166 Litora
203 134 399 178 praecipere,
417 138 452 168 et
469 135 646 168 venientes
659 135 787 179 pellere
803 139 903 169 terra.

71 176 186 221 [Ultro
202 179 334 212 animos
352 180 445 213 tollit
461 180 573 221 dictis,
591 184 696 224 atque
713 181 870 225 increpat
887 181 980 214 ultro
996 180 1019 225 :]

73 224 198 265 “Quod
216 224 304 257 votis
321 224 465 268 optastis
482 224 588 263 adest,
609 225 819 269 perfringere
837 225 969 259 dextra.

70 267 113 300 In
128 268 289 301 manibus
306 268 400 302 Mars
417 269 499 312 ipse,
517 268 591 303 viri.
639 268 743 302 Nunc
761 269 918 316 conjugis
937 273 1009 302 esto
1117 271 1183 303 280

70 312 223 357 Quisque
240 325 312 347 suae
330 314 483 358 tectique
499 325 629 347 memor
644 326 651 354 ;
677 325 772 348 nunc
789 326 918 358 magna
934 316 1060 348 referto

67 357 186 402 Facta,
204 363 345 403 patrum
361 359 490 393 laudes.
540 360 640 393 Ultro
658 371 876 394 occurramus
893 360 938 393 ad
955 361 1098 404 undam,

68 403 162 437 Dum
179 405 316 449 trepidi,
335 405 530 449 egressique
546 405 666 439 labant
683 405 830 449 vestigia
847 406 969 450 prima.

65 448 244 484 Audentes
260 450 401 484 fortuna
413 450 544 494 juvat.”

66 494 152 528 Haec
169 495 229 539 ait,
247 500 283 529 et
300 507 416 529 secum
433 500 556 539 versat,
574 507 659 540 quos
677 496 801 530 ducere
819 500 950 541 contra,

66 540 130 574 Vel
147 541 272 585 quibus
289 541 438 575 obsessos
455 542 563 586 possit
579 542 782 575 concredere
798 553 924 576 muros

112 586 250 620 Interea
267 587 394 621 AEneas
411 588 517 621 socios
535 588 577 621 de
593 587 768 631 puppibus
785 588 866 621 altis

66 630 234 665 Pontibus
252 633 404 677 exponit.
453 633 561 666 Multi
578 644 712 667 servare
728 644 885 666 recursus

64 676 278 720 Languentis
295 678 420 722 pelagi,
438 682 474 711 et
490 678 651 712 brevibus
669 690 703 711 se
721 679 857 712 credere
875 679 967 712 saltu
982 691 990 720 ;

64 721 130 756 Per
145 735 255 757 remos
272 724 342 757 alii.
391 724 597 768 Speculatus
614 724 716 757 litora
733 724 899 767 Tarchon,
1113 727 1180 758 290

65 767 140 808 Qua
157 769 247 802 vada
263 781 332 802 non
350 769 493 813 spirant,
510 780 574 802 nec
589 769 702 802 fracta
717 773 950 803 remurmurat
967 770 1072 813 unda,

63 812 130 846 Sed
146 825 241 847 mare
257 814 464 848 inoffensum
481 814 648 848 crescenti
665 814 830 848 allabitur
847 819 944 858 aestu,

61 858 225 893 Advertit
242 860 356 893 subito
373 871 498 904 proras,
517 860 692 904 sociosque
708 864 871 903 precatur
885 872 892 894 :

63 905 80 923 “
93 905 125 938 N
128 917 206 949 unc,
224 917 243 938 o
261 905 350 940 lecta
366 917 499 945 manus,
517 906 641 938 validis
658 905 849 938 incumbite
865 904 968 938 remis
983 916 990 938 :

61 948 196 993 Tollite,
213 950 301 983 ferte
317 953 408 983 rates
423 962 432 990 3
457 949 634 982 inimicam
651 949 774 984 findite
789 950 908 983 rostris

61 994 164 1028 Hanc
182 999 317 1038 terram,
336 995 541 1038 sulcumque
558 995 623 1028 sibi
639 999 775 1039 premat
792 996 867 1039 ipsa
884 997 1010 1029 carina.

61 1039 235 1083 Frangere
251 1052 314 1073 nec
332 1041 395 1074 tali
413 1041 560 1084 puppim
577 1042 726 1074 statione
743 1053 873 1084 recuso,

60 1085 209 1130 Arrepta
226 1086 351 1119 tellure
370 1087 507 1120 semel.’'
556 1086 640 1127 Quae
657 1087 743 1119 talia
759 1089 942 1128 postquam

61 1130 196 1164 Effatus
214 1131 381 1174 Tarchon,
399 1131 481 1163 socii
498 1141 703 1174 consurgere
720 1130 836 1173 tonsis,
935 1139 942 1143 ⁸

60 1175 342 1220 Spumantesque
354 1180 444 1209 rates
462 1177 551 1210 arvis
568 1176 694 1209 inferre
711 1176 845 1209 Latinis
861 1187 868 1216 ;
1107 1177 1175 1208 300

59 1221 177 1255 Donec
193 1227 304 1255 rostra
320 1225 442 1255 tenent
459 1222 600 1261 siccum,
617 1225 653 1254 et
670 1221 786 1254 sedere
802 1221 930 1254 carinae

61 1267 186 1300 Omnes
203 1268 362 1301 innocuae
379 1279 386 1301 ;
411 1267 470 1300 sed
486 1278 556 1300 non
572 1266 700 1310 puppis
718 1270 789 1309 tua,
807 1266 973 1300 Tarchon.

59 1312 218 1357 Namque
235 1313 368 1346 inflicta
385 1312 482 1346 vadis
499 1312 598 1345 dorso
615 1312 699 1344 dum
716 1311 844 1355 pendet
861 1311 990 1356 iniquo,

59 1357 195 1402 Anceps
213 1362 408 1392 sustentata
424 1358 495 1400 diu,
512 1358 708 1400 fluctusque
725 1357 856 1400 fatigat
870 1369 876 1390 :

59 1403 222 1446 Solvitur,
240 1408 344 1447 atque
362 1403 451 1437 viros
468 1403 590 1436 mediis
607 1403 751 1446 exponit
768 1403 805 1434 in
822 1402 924 1435 undis
939 1414 948 1443 3

58 1448 246 1492 Fragmina
262 1460 435 1482 remorum
452 1460 535 1492 quos
552 1452 587 1481 et
603 1448 783 1481 fluitantia
799 1451 952 1481 transtra

59 1494 272 1538 Impediunt,
289 1494 504 1538 retrahitque
521 1493 645 1537 pedem
662 1493 765 1526 simul
781 1493 876 1526 unda
892 1492 1057 1527 relabens.

103 1540 137 1573 N
138 1551 176 1573 ec
193 1540 351 1573 Turnum
368 1540 480 1582 segnis
496 1539 624 1572 retinet
640 1550 736 1572 mora
750 1551 757 1572 ε
783 1539 842 1571 sed
858 1539 951 1582 rapit
967 1549 1047 1572 acer

57 1584 180 1618 Totam
197 1586 306 1618 aciem
322 1586 360 1618 in
376 1585 533 1628 Teucros,
550 1588 585 1618 et
603 1587 723 1617 contra
739 1584 777 1616 in
793 1584 893 1617 litore
911 1584 1013 1618 sistit.

58 1630 165 1674 Signa
181 1634 322 1664 canunt.
370 1630 508 1663 Primus
525 1633 657 1663 turmas
674 1629 802 1663 invasit
819 1633 971 1672 agrestes
1103 1631 1172 1664 310

56 1676 193 1719 AEneas,
211 1688 311 1709 omen
327 1687 465 1720 pugnae,
484 1675 676 1718 stravitque
693 1675 844 1717 Latinos,

58 1721 176 1755 Occiso
192 1722 357 1765 Therone,
374 1722 489 1756 virum
506 1721 567 1765 qui
583 1720 757 1754 maximus
777 1720 869 1754 ultro
