1345 1927
116 31 160 62 92
424 29 462 64 P.
488 28 692 63 VIRGILII
718 27 932 62 MARONIS

117 93 303 139 Extemplo
320 94 440 128 AEneae
458 94 641 128 solvuntur
657 94 783 137 frigore
798 93 953 126 membra
967 105 975 134 ;

117 139 284 184 Ingemit,
301 145 336 174 et
353 140 508 184 duplices
525 140 671 173 tendens
688 140 730 173 ad
750 140 861 173 sidera
877 139 1019 183 palmas,

116 185 216 219 Talia
232 198 314 220 voce
330 187 456 220 refert:
483 187 502 204 “
516 186 543 220 Ο
562 190 684 230 terque
700 189 892 229 quaterque
907 184 1011 225 beati,

117 232 221 272 Queis
238 237 320 266 ante
337 244 396 266 ora
412 236 552 276 patrum
568 231 677 274 Trojae
695 231 759 263 sub
775 230 945 263 moenibus
962 230 1043 263 altis

117 278 273 321 Contigit
290 282 452 323 oppetere
467 279 473 310 !
501 289 520 310 o
537 277 700 310 Danaum
716 276 901 309 fortissime
917 276 1031 320 gentis

116 322 258 367 Tydide,
275 336 376 358 mene
394 323 510 357 Iliacis
528 321 727 356 occumbere
744 322 874 366 campis

115 369 196 402 Non
212 370 373 414 potuisse,
391 373 522 413 tuaque
539 370 691 402 animam
709 368 798 401 hanc
817 367 992 400 effundere
1009 367 1133 400 dextra
1148 368 1154 400 !

117 414 237 449 Saevus
253 416 314 448 ubi
332 415 486 448 AEacidae
504 415 572 448 telo
585 417 680 458 jacet
698 414 837 456 Hector,
851 413 912 446 ubi
929 413 1051 457 ingens

117 461 293 505 Sarpedon
309 474 317 502 ;
342 461 403 494 ubi
421 464 473 494 tot
490 461 616 494 Simois
633 463 790 503 correpta
807 458 870 492 sub
886 459 990 492 undis
1170 459 1236 491 100

117 507 224 540 Scuta
240 507 355 540 virum
371 506 556 550 galeasque
573 510 608 538 et
624 505 729 538 fortia
746 516 887 548 corpora
903 504 1045 538 volvit.'’

165 553 263 586 Talia
275 552 427 596 jactanti
445 552 593 584 stridens
610 550 772 594 aquilone
790 549 939 594 procella

118 598 245 632 Velum
262 598 406 632 adversa
422 598 512 640 ferit,
530 597 727 640 fluctusque
743 596 788 629 ad
806 596 917 629 sidera
933 595 1035 629 tollit.

118 644 347 688 Franguntur
363 644 449 677 remi
464 656 472 684 ;
498 648 574 676 tum
591 654 693 687 prora
709 642 846 685 avertit,
864 645 899 675 et
915 641 1019 674 undis

116 690 188 724 Dat
205 690 298 724 latus
312 703 321 731 3
345 690 541 733 insequitur
559 688 698 722 cumulo
715 691 912 732 praeruptus
929 698 1028 732 aquae
1044 698 1152 720 mons.

118 736 168 769 Hi
186 747 319 770 summo
336 736 374 769 in
390 735 502 768 fluctu
518 734 672 779 pendent
686 747 695 775 ;
720 734 775 766 his
792 734 889 767 unda
906 733 1085 767 dehiscens

118 782 260 815 Terram
277 783 370 815 inter
385 781 514 814 fluctus
531 781 643 825 aperit
659 792 666 814 :
691 780 779 812 furit
796 784 901 813 aestus
918 779 1041 813 arenis.

119 828 201 861 Tres
217 832 321 861 notus
338 827 499 871 abreptas
515 827 552 859 in
571 838 654 860 saxa
671 826 818 859 latentia
835 829 975 870 torquet
989 837 996 859 :

120 873 212 907 Saxa
229 877 356 907 vocant
375 873 469 916 Itali,
486 872 610 906 mediis
627 883 704 916 quae
721 872 758 904 in
774 871 949 915 fluetibus,
967 871 1054 904 Aras
1069 883 1078 912 ;

118 919 268 953 Dorsum
285 920 436 952 immane
452 919 541 952 mari
559 929 700 951 summo.
741 917 822 950 Tres
841 917 955 950 Eurus
972 917 1015 950 ab
1033 917 1104 950 alto
1173 918 1239 950 110

120 965 163 998 In
180 965 299 999 brevia
315 969 350 999 et
368 969 477 1008 syrtes
493 968 605 1008 urget,
622 963 817 996 miserabile
834 963 921 1006 visu,

121 1011 303 1055 Illiditque
320 1011 418 1044 vadis
435 1015 543 1054 atque
559 1021 684 1053 aggere
702 1009 812 1052 cingit
829 1020 951 1043 arenae.

120 1057 245 1100 Unam,
263 1069 341 1101 quae
359 1057 480 1101 Lycios
496 1056 675 1100 fidumque
693 1055 841 1088 vehebat
859 1055 1021 1098 Oronten,

121 1103 237 1147 Ipsius
253 1107 335 1136 ante
352 1103 467 1136 oculos
484 1103 606 1145 ingens
623 1113 644 1135 a
661 1101 789 1134 vertice
805 1105 933 1145 pontus

121 1149 140 1182 Ι
145 1161 167 1181 n
185 1149 331 1193 puppim
347 1149 430 1182 ferit
444 1161 452 1189 ;
477 1148 656 1181 excutitur
672 1158 869 1191 pronusque
885 1147 1052 1190 magister

127 1194 287 1228 Volvitur
304 1195 341 1227 in
358 1198 485 1238 caput:
511 1197 565 1227 ast
582 1193 680 1226 illam
696 1197 750 1226 ter
766 1192 895 1226 fluctus
911 1192 1040 1225 ibidem

121 1240 272 1285 Torquet
288 1251 394 1284 agens
412 1240 551 1282 circum,
570 1242 605 1272 et
621 1239 763 1283 rapidus
781 1243 880 1272 vorat
897 1249 1034 1283 aequore
1052 1242 1200 1283 vertex.>

123 1286 305 1331 Apparent
321 1286 391 1320 rari
407 1289 532 1319 nantes
549 1285 586 1318 in
603 1285 742 1328 gurgite
755 1288 863 1328 vasto,

122 1332 230 1365 Arma
246 1332 362 1365 virum
379 1330 578 1375 tabulaeque
595 1335 630 1364 et
647 1331 750 1364 Troia
766 1341 853 1374 gaza
869 1341 931 1374 per
947 1329 1068 1364 undas.

123 1378 148 1411 J
150 1389 207 1411 am
225 1378 378 1411 validam
398 1377 524 1410 Ilionei
540 1388 675 1420 navem,
689 1377 764 1420 jam
780 1376 880 1409 fortis
897 1376 1052 1420 Achatae,
1175 1377 1242 1408 120
1308 1366 1311 1375 ’

124 1423 170 1456 Et
188 1435 257 1467 qua
273 1427 394 1457 vectus
411 1423 513 1466 Abas,
531 1426 566 1456 et
584 1433 652 1466 qua
668 1422 875 1466 grandaevus
892 1421 1019 1465 Aletes,

125 1469 219 1503 Vicit
236 1469 346 1502 hiems
361 1481 368 1503 ε
393 1469 482 1502 laxis
499 1469 650 1502 laterum
667 1467 889 1512 compagibus
906 1478 1023 1501 omnes

123 1515 313 1559 Accipiunt
329 1515 511 1548 inimicum
527 1514 682 1557 imbrem,
698 1514 864 1558 rimisque
879 1513 1058 1547 fatiscunt.

174 1561 314 1594 Interea
330 1571 457 1604 magno
473 1560 611 1593 misceri
627 1571 804 1595 murmure
822 1563 979 1604 pontum,

125 1606 366 1650 Emissamque
385 1607 535 1639 hiemem
552 1605 659 1638 sensit
676 1605 872 1650 Neptunus,
889 1608 925 1638 et
941 1604 1020 1638 imis

126 1652 260 1695 Stagna
275 1653 393 1685 refusa
409 1651 517 1695 vadis,
535 1651 688 1695 graviter
704 1655 895 1684 commotus
909 1663 918 1691 ;
943 1655 978 1684 et
995 1651 1066 1684 alto

126 1697 352 1742 Ptospiciens,
370 1709 506 1732 summa
522 1697 700 1742 placidum
718 1701 824 1741 caput
841 1696 973 1730 extulit
989 1696 1094 1730 unda.
