1320 1932
0 1328 3 1387 Ι

0 1444 2 1484 ι

565 55 843 91 CATALECTA.
1192 60 1261 94 407

150 125 290 167 Circuit,
307 124 412 168 inque
428 124 569 168 globum
586 124 754 157 distantia
771 124 945 158 contrahit
961 136 1083 169 unum,

149 171 290 204 Constet
306 175 346 204 ut
362 170 474 204 effecti
492 170 620 214 species
636 181 831 213 nomenque
847 171 978 204 moreti.

195 217 297 250 Eruit
312 216 445 249 interea
462 215 588 259 Cybale
605 226 741 259 quoque
759 215 879 248 sedula
895 228 1037 260 panem,

149 261 260 303 Quem
275 262 375 295 laetus
391 261 516 305 recipit
531 259 700 303 manibus,
717 261 884 305 pulsoque
900 262 1025 296 timore

71 321 82 332 ·
147 308 174 341 J
175 319 232 341 am
247 307 350 341 famis
366 307 471 351 inque
488 307 581 340 diem
598 317 737 339 securus
754 306 908 340 Simulus
926 308 1027 341 illam
1195 310 1262 343 120

147 353 269 386 Ambit
285 364 385 386 crura
401 353 507 386 ocreis
523 352 674 396 paribus,
691 356 874 395 tectusque
890 353 1007 396 galero

148 398 221 432 Sub
232 399 321 442 juga
336 402 497 442 parentes
514 398 606 441 cogit
622 397 734 430 lorata
745 399 923 441 juvencos,

147 444 263 489 Atque
279 444 353 488 agit
369 444 408 477 in
424 447 566 487 segetes,
584 446 620 476 et
635 447 737 476 terrae
755 443 874 477 condit
889 447 1056 480 aratrum.

371 709 416 745 P.
435 709 714 746 VIRGILII
745 704 1028 746 MARONI'S

229 821 1180 883 OAT.ALEOTA.

533 1045 562 1080 1.
586 1045 650 1079 AD
675 1043 875 1079 TUCOAM.

145 1122 278 1167 Dnm,
294 1123 419 1168 Tucca,
435 1124 501 1158 tibi
517 1125 634 1166 venit3
659 1125 718 1158 sed
735 1136 824 1170 saepe
840 1125 958 1158 videre

191 1169 270 1202 Non
286 1169 384 1203 licet:
410 1170 580 1204 occulitur
596 1171 716 1204 limine
733 1171 851 1204 clausa
866 1170 942 1204 viri.

145 1213 247 1248 Delia
263 1226 353 1259 saepe
369 1215 445 1259 tibi,
461 1228 531 1249 uon
547 1217 645 1250 venit
661 1217 775 1249 adhuc
791 1217 896 1250 mihi:
922 1226 1073 1260 namque

191 1259 229 1293 Si
245 1261 424 1304 occulitur,
441 1261 543 1305 longe
560 1266 622 1305 est,
638 1265 782 1305 tangere
799 1262 890 1305 quod
908 1273 1069 1305 nequeas.

146 1304 290 1339 Venerit
306 1310 369 1339 aut
385 1306 471 1347 tibi;
497 1307 556 1340 sed
568 1308 644 1350 jam
656 1309 732 1351 jam
749 1308 837 1340 mihi
853 1307 1004 1340 nuncius
1021 1307 1088 1341 iste

193 1351 285 1392 Quid
301 1352 462 1396 prodest?
487 1353 541 1385 illi
559 1353 674 1395 dicito,
693 1363 770 1396 quae
786 1353 901 1386 rediit.

225 1449 276 1484 ΙΙ.
301 1450 354 1483 IN
379 1450 413 1484 O.
439 1450 635 1484 ANNIUM
661 1451 884 1485 CIMBRUM
910 1448 1185 1485 RHETOREM.

192 1528 449 1564 Corinthiorum
465 1536 599 1565 amator
615 1532 680 1566 iste
697 1531 889 1575 verborum,

191 1574 263 1608 Iste
279 1575 344 1609 iste
359 1576 494 1610 rhetor!
544 1578 704 1621 Namque
721 1582 893 1622 quatenus
910 1581 1006 1612 totus

192 1620 412 1664 Thucydides
429 1626 600 1666 tyrannus
617 1624 744 1656 Atticae
761 1623 875 1666 febris,

191 1665 267 1699 Tau
284 1666 458 1700 Gallicum
475 1669 583 1712 spinae
600 1669 746 1713 ipsemet
761 1669 853 1702 male
866 1669 980 1713 illisit,

192 1710 266 1745 Ista.
282 1713 407 1755 omnia,
424 1713 492 1748 ista
508 1714 613 1748 verba
628 1714 770 1748 miscuit
785 1715 897 1749 fratri
