1345 1927
149 49 216 81 322
472 48 509 83 P.
536 49 740 83 VIRGILII
766 49 981 84 MARONIS

147 117 398 161 AEternumque
417 116 524 150 vale.''
573 117 604 149 Ν
607 128 645 150 ee
663 117 762 160 plura
779 115 902 149 effatus
919 115 967 149 ad
985 115 1074 149 altos

149 163 326 197 Tendebat
343 174 468 206 muros,
485 174 708 206 gressumque
725 163 761 196 in
780 167 893 196 castra
908 161 1050 196 ferebat.

194 209 346 253 Jamque
363 212 513 242 oratores
529 208 675 242 aderant
692 219 735 241 ex
752 208 836 241 urbe
854 208 988 251 Latina,

149 253 266 288 Velati
282 255 387 288 ramis
404 254 497 297 oleae,
515 254 721 298 veniamque
738 258 898 297 rogantes
913 266 920 287 ε

149 299 307 344 Corpora,
325 312 385 344 per
402 311 539 344 campos
556 300 645 332 ferro
663 311 740 343 quae
757 300 835 332 fusa
848 298 1023 343 jacebant,

149 345 329 387 Redderet,
347 357 387 379 ac
404 345 541 378 tumulo
559 345 685 378 sineret
703 345 884 378 succedere
902 349 1001 378 terrae
1016 357 1025 386 3

146 390 294 424 Nullum
311 403 390 424 cum
408 391 508 425 victis
526 395 700 424 certamen
718 397 753 424 et
771 391 898 424 {ethere
915 391 1018 424 cassis
1033 403 1041 430 ;

146 435 307 470 Parceret
325 437 520 480 hospitibus
538 436 711 480 quondam
730 437 920 480 socerisque
934 436 1074 469 vocatis.

145 481 237 522 Quos
254 482 364 515 bonus
382 482 518 524 AEneas,
536 481 630 514 haud
647 481 863 525 aspernanda
880 486 1069 525 precantes,

143 526 370 571 Prosequitur
387 528 498 570 venia,
515 532 550 560 et
567 527 679 560 verbis
697 527 770 560 haec
789 527 930 571 insuper
946 527 1045 560 addit
1059 538 1066 561 :

147 573 166 590 “
177 573 343 613 Quaenam
361 583 419 605 vos
437 577 535 606 tanto
552 573 692 605 fortuna
709 572 864 614 indigna,
884 572 1011 615 Latini,

143 613 326 660 Implicuit
342 616 442 658 bello,
460 616 521 659 qui
537 626 599 648 nos
615 616 761 657 fugiatis
777 616 904 649 amicos
918 617 932 649 3

144 660 269 695 Pacem
285 673 340 694 me
357 661 527 695 exanimis
545 665 579 694 et
597 661 721 694 Martis
739 665 828 694 sorte
845 662 1008 705 peremtis

143 706 257 740 Oratis
272 707 284 740 2
309 707 470 751 equidem
487 710 521 739 et
538 706 627 739 vivis
644 707 828 740 concedere
846 706 979 741 vellem.

141 752 214 786 Nec
233 753 322 796 veni,
340 753 407 786 nisi
423 753 498 785 fata
515 752 629 785 locum
647 752 830 796 sedemque
847 752 1022 786 dedissent
1037 765 1046 794 ;

140 797 214 831 Nec
230 798 360 831 bellum
378 809 458 833 cum
475 802 579 841 gente
595 809 675 841 gero
690 810 696 831 :
721 809 783 830 rex
801 802 918 831 nostra
934 798 1077 842 reliquit

140 843 314 887 Hospiffia,
332 848 368 877 et
386 844 494 877 Turni
511 843 626 887 potius
645 855 679 876 se
697 844 844 876 credidit
860 845 975 881 armis.

140 889 290 933 AEquius
307 889 388 922 huic
406 889 562 922 Turnum
578 888 694 922 fuerat
712 900 746 922 se
764 900 934 933 opponere
950 890 1063 923 morti.

139 934 176 968 Si
193 934 324 968 bellum
341 935 441 967 finire
458 946 574 975 manu,
593 934 620 966 si
637 934 764 977 pellere
781 935 928 968 Teucros

138 979 306 1024 Apparat,
324 980 378 1013 his
394 991 530 1013 mecum
548 980 666 1012 decuit
683 991 883 1013 concurrere
901 980 979 1014 telis
994 993 1003 1022 ;

139 1025 256 1069 Vixet,
275 1026 331 1058 cui
348 1026 457 1059 vitam
475 1025 559 1058 deus
577 1030 639 1058 aut
656 1037 718 1058 sua
735 1025 858 1058 dextra
876 1025 1034 1060 dedisset.

138 1070 172 1104 N
174 1083 244 1104 une
261 1071 319 1113 ite,
337 1076 372 1104 et
388 1071 521 1104 miseris
539 1071 723 1114 supponite
741 1070 873 1104 civibus
891 1071 1034 1114 ignem?

137 1115 286 1150 Dixerat
303 1117 438 1150 AEneas.
489 1116 559 1150 Olli
577 1116 785 1160 obstupuere
802 1117 942 1150 silentes
957 1129 964 1157 ;

138 1162 369 1205 Conversique
386 1162 500 1195 oculos
518 1162 609 1194 inter
626 1173 660 1195 sc
678 1166 783 1206 atque
800 1174 858 1195 ora
875 1162 1050 1196 tenebant.

136 1206 226 1241 Tum
245 1208 356 1241 senior
373 1219 574 1252 semperque
592 1207 678 1240 odiis
696 1212 730 1240 et
747 1208 891 1241 crimine
907 1208 1061 1242 Drances

136 1252 299 1286 Infensus
311 1254 436 1298 juveni
453 1254 568 1286 Turno
586 1253 634 1286 sic
651 1265 708 1286 ore
725 1253 875 1286 vicissim

135 1298 220 1333 Orsa
236 1299 340 1333 refert
355 1312 360 1333 :
387 1301 404 1317 “
421 1300 448 1332 O
466 1300 559 1332 fama
575 1300 708 1343 ingens,
722 1299 897 1341 ingentior
917 1299 1032 1340 armis,

136 1342 201 1376 Vir
218 1344 372 1386 Trojane,
390 1342 514 1387 quibus
531 1343 615 1376 coelo
632 1348 667 1376 te
685 1343 846 1377 laudibus
863 1356 997 1388 aequem
1011 1344 1024 1378 ἲ

135 1388 339 1422 Justitiaene
357 1390 452 1433 prius
469 1389 581 1432 mirer,
599 1389 725 1422 belline
742 1389 899 1423 laborum
914 1390 926 1423 ’ἱ

134 1434 207 1469 Nos
224 1446 303 1469 vero
320 1435 393 1468 haec
410 1435 560 1478 patriam
577 1435 669 1477 grati
685 1436 871 1468 referemus
889 1436 932 1469 ad
950 1435 1070 1470 urbem
1084 1449 1093 1478 ς

133 1479 182 1515 Et
199 1484 243 1523 te,
262 1481 290 1514 si
307 1492 376 1524 qua
392 1481 485 1513 viam
503 1481 636 1514 dederit
653 1481 803 1523 fortuna,
822 1481 946 1515 Latino

134 1524 333 1570 Jungemus
350 1526 433 1570 regi.
483 1526 624 1567 Quaerat
642 1527 706 1559 sibi
723 1527 852 1560 foedera
870 1527 1016 1562 Turnus.

134 1571 229 1612 Quin
248 1576 283 1605 et
299 1572 423 1605 fatales
439 1583 617 1606 murorum
635 1573 793 1606 attollere
810 1573 926 1617 moles,

133 1616 294 1661 Saxaque
313 1618 514 1652 subvectare
531 1618 684 1651 humeris
702 1618 849 1662 Trojana
861 1617 1025 1663 juvabit.’'

132 1661 280 1696 Dixerat
298 1663 380 1707 haec,
397 1675 537 1708 unoque
554 1675 671 1697 omnes
688 1665 808 1698 eadem
825 1676 882 1698 ore
899 1665 1101 1700 fremebant.

131 1706 194 1744 Bis
210 1719 307 1743 senos
324 1710 487 1754 pepigere
504 1709 586 1753 dies,
604 1714 638 1743 et
655 1721 739 1754 pace
757 1715 933 1755 sequestra

1200 210 1266 242 100

1195 664 1262 696 110

1191 1119 1257 1151 120

1185 1576 1251 1609 130
