1320 1932
384 65 601 116 AENEIDOS
629 65 721 100 LIB.
746 65 809 101 XI.
1085 64 1150 98 321

38 132 275 176 Intersintque
292 132 400 176 patris
417 132 568 165 lacrimis
585 143 592 165 :
618 131 740 164 solatia
755 131 872 164 luctus

37 179 176 222 Exigua
192 178 354 221 ingentis,
371 177 494 210 misero
511 177 570 210 sed
587 177 704 210 debita
720 177 821 221 patri.

38 224 145 257 Haud
163 235 283 267 segnes
299 223 360 256 alii
377 227 486 256 crates
504 226 538 256 et
554 222 657 255 molle
673 222 840 255 feretrum

38 269 201 302 Arbuteis
218 273 345 302 texunt
362 268 468 312 virgis
485 272 520 301 et
537 268 666 301 vimine
683 278 822 311 querno,

38 315 311 357 Exstructosque
329 318 418 347 toros
436 313 582 346 obtentu
597 314 729 346 frondis
745 313 957 346 inumbrant.

39 360 108 393 Hic
120 361 287 403 juvenem
303 359 432 403 agresti
449 358 632 391 sublimem
649 358 813 392 stramine
830 363 966 402 ponunt
983 370 991 399 3

40 405 186 446 Qualem
202 405 357 448 virgineo
375 405 569 437 demessum
585 404 709 448 pollice
726 404 844 437 florem

39 450 108 484 Seu
124 450 238 483 mollis
255 450 365 492 violae,
384 461 444 483 seu
460 449 660 493 languentis
676 449 870 493 hyacinthi,

40 496 104 529 Cui
120 507 231 540 neque
247 495 364 539 fulgor
380 495 505 538 adhuc,
521 506 585 528 nec
603 494 687 528 dum
705 507 767 528 sua
782 496 894 528 forma
909 494 1050 529 recessit
1066 506 1075 536 ;
1111 494 1154 529 70

38 541 118 574 Non
130 543 205 585 jam
221 545 333 574 mater
349 541 414 574 alit
430 541 544 583 tellus,
562 541 719 584 viresque
736 541 922 574 ministrat.

39 586 138 620 Tunc
154 587 309 630 geminas
326 590 437 620 vestes
454 597 607 629 auroque
624 591 783 630 ostroque
799 587 951 630 rigentes

39 632 182 665 Extulit
200 632 335 674 AEneas,
354 643 438 675 quas
456 631 509 664 illi
525 631 606 664 laeta
623 631 780 664 laborum

41 677 122 721 Ipsa
139 678 209 711 suis
226 677 401 721 quondam
417 676 577 710 manibus
595 676 736 710 Sidonia
752 677 842 710 Dido

40 722 193 766 Fecerat,
211 728 246 756 et
263 723 361 756 tenui
377 722 464 755 telas
482 722 691 755 discreverat
707 734 799 756 auro.

40 768 178 802 Harum
194 780 299 801 unam
311 767 434 812 juveni
450 778 650 811 supremum
665 772 806 801 maestus
823 768 987 802 honorem

41 814 174 857 Induit,
191 824 395 857 arsurasque
412 823 526 846 comas
543 813 688 846 obnubit
705 813 858 854 amictu3

40 859 227 902 Multaque
244 863 411 903 praeterea
427 858 611 891 Laurentis
627 859 769 902 praemia
786 869 912 903 pugnae

41 904 206 948 Aggerat,
223 909 259 938 et
275 904 377 947 longo
394 904 546 948 praedam
559 903 660 947 jubet
677 904 796 937 ordine
813 904 903 938 duci.

42 950 151 983 Addit
168 960 272 993 equos
288 953 324 983 et
340 949 420 991 tela,
439 949 565 993 quibus
583 949 790 1002 spoliaverat
807 950 950 984 hostem.
1113 950 1157 982 80

43 995 214 1029 Vinxerat
231 1000 266 1028 et
282 999 361 1039 post
378 999 476 1038 terga
492 1006 626 1037 manUS‚
644 1006 727 1038 quos
745 996 901 1029 mitteret
917 994 1049 1028 umbris

42 1040 199 1084 Inferias,
216 1052 302 1074 caeso
320 1052 494 1084 sparsuros
512 1041 681 1084 sanguine
697 1041 893 1082 fiammam3

43 1086 257 1130 Indutosque
269 1086 371 1129 jubet
387 1089 527 1119 truncos
543 1086 727 1119 hostilibus
744 1087 848 1120 armis

43 1132 142 1176 Ipsos
158 1132 247 1165 ferre
264 1131 404 1174 duces,
395 1131 605 1174 inimicaque
622 1132 763 1165 nomina
779 1132 849 1175 figi.

43 1177 194 1211 Ducitur
210 1177 425 1210 infelix-aevo
442 1177 618 1210 confectus
635 1177 780 1220 Acoetes,

43 1223 188 1257 Pectora
203 1234 298 1256 nunc
314 1222 447 1255 foedans
463 1222 599 1266 pugnis,
617 1234 711 1255 nunc
727 1221 904 1266 unguibus
922 1234 981 1256 ora
994 1234 1004 1264 3

43 1268 228 1311 Sternitur,
245 1272 280 1301 et
296 1271 369 1301 toto
385 1269 557 1312 projectus
575 1279 713 1311 corpore
729 1271 838 1302 terrae.

43 1314 189 1347 Ducunt
206 1318 241 1347 et
259 1313 390 1346 Rutulo
406 1313 561 1357 perfusos
579 1313 747 1357 sanguine
764 1325 892 1348 currus.

45 1359 128 1393 Post
144 1359 290 1393 bellator
306 1370 424 1402 equus,
441 1359 561 1402 positis
578 1358 780 1402 insignibus,
798 1359 930 1393 AEthon

25 1435 31 1438 .
47 1405 82 1439 It
98 1405 292 1447 lacrimans,
310 1405 489 1448 guttisque
505 1404 686 1438 humectat
702 1404 891 1448 grandibus
908 1416 974 1438 ora.
1114 1406 1160 1438 90

46 1451 195 1484 Hastam
212 1450 272 1484 alii
288 1450 493 1494 galeamque
509 1450 628 1483 ferunt
642 1463 650 1491 ;
674 1462 756 1484 nam
774 1455 887 1484 cetera
904 1450 1041 1483 Turnus

46 1497 167 1530 Victor
184 1496 299 1530 habet.
335 1496 423 1528 Tum
439 1500 561 1529 maesta
577 1496 732 1540 phalanx
750 1496 940 1540 Teucrique
957 1498 1159 1540 sequuntur,

0 1552 1 1572 ÷
46 1542 284 1586 Tyrrhenique
301 1541 414 1584 duces,
432 1545 467 1574 et
484 1542 589 1575 versis
607 1542 755 1575 Arcades
772 1542 884 1576 armis.

47 1587 236 1632 Postquam
253 1587 362 1620 omnis
379 1587 480 1631 longe
497 1587 662 1620 comitum
679 1591 887 1632 processerat
904 1591 995 1631 ordo,

49 1633 214 1667 Substitit
230 1633 367 1676 AEneas,
384 1633 586 1677 gemituque
602 1633 676 1667 haec
693 1633 830 1667 addidit
846 1634 916 1667 alto
931 1646 937 1667 :

49 1684 70 1700 “
82 1681 153 1715 Nos
169 1681 254 1714 alias
270 1681 353 1714 hinc
369 1680 414 1714 ad
430 1680 589 1714 lacrimas
606 1681 725 1714 eadem
743 1681 883 1715 horrida
903 1681 986 1716 boui

51 1726 140 1761 Fata
155 1730 289 1761 vocant.
337 1726 438 1760 Salve
457 1730 624 1760 aeternum
641 1727 736 1769 mihi,
755 1728 907 1761 maxime
926 1727 1034 1769 Palla,

538 1781 561 1804 Y
