1320 1932
412 77 631 112 AENEIDOS
657 77 742 111 LIB.
769 77 871 110 VIII.
1132 79 1198 111 265

89 145 306 181 Horrendum
323 145 430 188 dictu,
448 145 599 186 dederat,
617 147 717 177 terna
732 154 829 177 arma
846 142 1016 176 movenda
1029 154 1039 183 ;

88 191 150 226 Ter
165 192 234 225 leto
251 190 454 224 sternendus
471 193 545 223 erat
559 202 567 229 3
592 189 649 222 cui
666 192 751 222 tunc
767 192 885 222 tamen
902 199 1018 221 omnes

87 236 241 270 Abstulit
257 236 331 269 haec
347 236 480 269 animas
497 235 630 277 dextra,
647 238 682 267 et
698 234 845 267 totidem
861 234 961 267 exuit
977 234 1091 268 armis.

86 281 163 315 Non
179 293 241 325 ego
257 292 351 314 nunc
369 280 463 314 dulci
479 280 645 323 amplexu
661 279 842 312 divellerer
858 290 1014 322 usquam.

86 325 185 370 Nate,
201 331 262 360 tuo
275 339 284 367 3
295 337 407 369 neque
419 325 590 359 finitimus
602 325 796 358 Mezentius
813 336 961 367 usquam

86 371 178 405 Huic
195 372 302 415 capiti
318 370 500 413 insultans,
517 375 570 403 tot
585 370 675 403 ferro
692 381 784 403 saeva
799 370 949 403 dedisset
1132 370 1199 403 570

85 416 231 460 Funera,
248 421 322 450 tam
337 416 458 449 multis
474 416 650 449 viduasset
667 415 801 448 civibus
817 415 947 448 urbem.

85 462 134 495 At
149 473 217 504 VOS,
235 473 254 495 o
271 462 396 505 superi,
413 466 448 494 et
465 461 586 494 divum
603 465 643 494 tu
658 461 811 494 maxime
826 465 939 494 rector

85 506 235 551 Jupiter,
252 507 401 550 Arcadii,
419 517 544 550 quaeso,
560 507 768 540 miserescite
784 507 884 550 regis,

84 551 131 585 Et
147 553 277 596 patrias
293 552 413 586 audite
430 563 547 596 preces
561 564 567 585 :
593 552 631 585 Si
646 552 793 585 numina
808 555 924 585 vestra

39 638 41 640 Ι
86 597 301 630 Incolumem
318 597 479 631 Pallanta
495 597 591 640 mihi,
610 597 638 630 si
654 597 729 630 fata
744 602 931 640 reservant,

85 642 122 676 Si
138 643 274 675 visurus
291 654 368 676 eum
386 643 476 686 vivo,
493 646 529 675 et
545 646 712 676 venturus
728 642 766 675 in
783 653 902 685 unum,

85 687 205 721 Vitam
222 699 278 721 oro
292 700 301 729 ;
326 688 441 731 patiar
457 688 612 732 quemvis
630 688 754 721 durare
771 687 923 720 laborem
937 700 943 721 :

85 731 146 765 Sin
163 733 314 776 aliquem
330 733 514 766 infandum
532 744 659 775 casum,
676 732 841 775 Fortuna,
858 734 1010 776 minaris,

84 777 119 810 N
119 789 198 820 unc,
217 789 235 810 0
253 789 345 810 nunc
362 778 466 810 liceat
483 778 658 811 crudelem
673 778 878 821 abrumpere
895 779 1015 821 vitam,

83 822 178 856 Dum
195 834 285 856 curae
302 823 484 865 ambiguae,
503 823 587 855 dum
604 834 679 866 spes
696 823 829 856 incerta
845 824 967 867 futuri,
1132 826 1199 858 580

84 867 178 900 Dum
195 872 239 910 te,
257 879 333 901 care
349 879 445 911 puer,
462 879 539 901 mea
557 879 630 901 sera
647 872 682 901 et
700 868 771 902 sola
789 868 958 912 voluptas,

85 912 274 956 Complexu
289 917 390 946 teneo
405 925 413 953 ;
437 913 574 956 gravior
590 914 801 947 ne'nuncius
818 925 917 948 aures

85 957 276 992 Vulneret.’⁷
310 958 397 992 Haec
413 959 548 1001 genitor
565 958 720 1002 digressu
737 959 831 993 dicta
848 971 1006 1003 supremo

84 1002 267 1037 Fundebat
281 1015 288 1037 :
312 1004 437 1037 famuli
454 1004 645 1048 collapsum
661 1005 699 1037 in
714 1009 809 1038 tecta
824 1005 992 1039 ferebant.

130 1046 281 1092 Jamque
297 1049 381 1082 adeo
399 1049 531 1083 exierat
547 1050 655 1093 portis
672 1050 850 1094 equitatus
866 1052 995 1095 apertis
1010 1064 1018 1092 ;

85 1093 210 1127 AEneas
227 1095 319 1128 inter
334 1095 462 1138 primos
479 1099 514 1128 et
529 1095 620 1128 fidus
637 1095 788 1129 Achates
802 1108 810 1136 ;

86 1139 172 1172 Inde
188 1139 249 1173 alii
266 1140 374 1183 Trojae
390 1151 544 1183 proceres
558 1153 567 1181 ;
591 1141 665 1184 ipse
681 1141 820 1184 agmine
837 1141 952 1175 Pallas

86 1184 129 1217 In
143 1185 266 1228 medio,
284 1185 467 1229 chlamyde
484 1185 522 1219 et'
535 1186 638 1230 pictis
655 1191 859 1230 conspectus
875 1187 913 1220 in
930 1187 1034 1221 armis
1049 1199 1056 1221 ;

87 1229 205 1270 Qualis
221 1231 282 1263 ubi
299 1231 417 1264 oceani
434 1231 593 1274 perfusus
609 1231 749 1264 Lucifer
765 1232 870 1276 unda,

87 1275 197 1315 Quem
213 1276 331 1309 Venus
348 1279 429 1309 ante
446 1276 531 1309 alios
548 1281 719 1310 astrorum
736 1277 853 1321 diligit
869 1278 975 1321 ignes,
1133 1281 1200 1313 590

86 1319 226 1355 Extulit
242 1333 278 1355 os
295 1333 430 1354 sacrum
447 1322 542 1366 coelo,
559 1322 785 1366 tenebrasque
800 1324 950 1357 resolvit.

86 1365 188 1399 Stant
203 1367 338 1411 pavidae
355 1367 393 1399 in
409 1367 516 1400 muris
533 1371 670 1410 matres,
688 1368 864 1412 oculisque
881 1373 1074 1413 sequuntur

86 1410 290 1446 Pulveream
305 1412 435 1446 nubem
452 1416 487 1446 et
503 1413 678 1456 fulgentes
695 1424 760 1447 aere
777 1418 941 1448 catervas.

87 1456 155 1490 Olli
171 1469 233 1501 per
249 1458 379 1501 dumos,
397 1469 465 1502 qua
482 1459 640 1502 proxima
656 1463 751 1493 meta
767 1460 911 1500 viarum,

23 1532 33 1540 ,
87 1501 223 1536 Armati
240 1503 399 1537 tendunt.
450 1504 484 1536 It
501 1504 637 1547 clamor,
656 1509 691 1538 et
707 1505 846 1548 agmine
862 1506 955 1538 facto

25 1577 32 1588 ,
87 1547 380 1592 Quadrupedaute
397 1554 535 1592 putrem
552 1550 668 1583 sonitu
685 1550 800 1593 quatit
816 1551 950 1594 ungula
967 1562 1138 1596 campum.

31 1599 34 1601 ’
86 1592 149 1626 Est
164 1594 287 1637 ingens
304 1594 458 1638 gelidum
475 1595 575 1628 lucus
591 1607 697 1639 prope
715 1595 846 1629 Caeritis
863 1608 1011 1640 amnem,

89 1638 268 1682 Religione
284 1643 425 1683 patrum
442 1640 512 1673 late
530 1652 624 1673 sacer
637 1653 646 1681 3
670 1641 826 1685 undique
843 1642 946 1675 colles

88 1684 261 1718 Inclusere
278 1685 355 1718 cavi
371 1689 406 1718 et
423 1686 523 1728 nigra
539 1697 661 1719 nemus
678 1687 791 1720 abiete
808 1687 966 1731 cingunt.

34 1731 35 1734 ’
87 1728 226 1763 Silvano
242 1730 337 1764 fama
353 1735 404 1764 est
421 1735 551 1764 veteres
568 1743 717 1766 sacrasse
735 1732 904 1776 Pelasgos,
1137 1735 1204 1768 600
