1345 1927
95 102 139 132 42
405 99 443 132 P.
463 84 667 133 VIRGILII
692 99 906 133 MARONIS

95 166 339 210 Silvarumque
355 166 433 200 aliae
450 178 581 211 pressos
598 167 796 211 propaginis
813 178 912 200 arcus

95 212 312 256 Exspectant
329 216 364 245 et
380 212 461 245 viva
478 224 540 246 sua
557 212 733 256 plantaria
749 218 850 245 terra.

95 257 155 291 Nil
172 257 298 290 radicis
316 262 420 301 egent
437 258 536 298 aliae3
562 269 802 290 summumne
819 261 962 302 putator

97 303 204 336 Haud
221 303 329 336 dubit·
324 308 360 336 tt
377 307 476 336 terrae
493 284 643 337 re'ferens
659 314 742 336 man
768 314 825 336 are
842 313 1019 344 cacumen,

97 349 190 391 Quin
207 352 242 381 et
260 340 461 382 caudicibus
479 349 589 392 sectis,
606 348 764 382 mirabile
781 349 889 392 dictu,
1170 350 1215 381 30

73 404 86 413 ¹⁴
94 393 265 427 Truditur
282 405 300 427 e
318 394 406 428 sicco
422 395 524 440 radix
526 395 700 447 oleagina
715 394 820 437 ligno.

95 439 142 472 Et
159 451 248 483 saepe
265 440 409 473 alterius
425 452 536 474 ramos
553 439 696 484 impune
713 440 870 473 videmus

96 484 264 518 Vertere
255 497 292 518 111
309 485 472 527 alterius3
495 490 739 538 mutatamque
754 485 860 518 insita
876 482 971 518 mala

96 530 199 564 Ferre
215 518 394 583 Ρί111111,8ῡ
411 532 532 575 prunis
550 531 706 575 lapidosa
721 531 900 565 rubescere
917 541 1029 564 corna.

144 576 256 617 Quare
273 577 367 619 agito
384 588 413 619 ο,
431 577 585 620 proprios
602 576 795 620 generatim
811 576 933 609 discite
951 576 1076 619 cultus,

95 621 275 665 Agricolae,
292 623 496 666 fructusque
512 623 601 655 feros
618 622 750 655 mollite
767 621 909 654 colendo
924 633 932 661 ;
948 625 950 627 ’

95 667 174 700 Neu
191 678 310 711 segnes
323 669 465 711 jaceant
482 671 591 701 terrae.
633 668 746 701 Juvat-
764 667 897 700 Ismara
914 666 1052 700 Baccho

95 713 286 755 0011581818,
304 717 408 756 atque
426 713 501 746 olea
516 725 684 757 magnum
701 713 827 746 vestire
844 712 1054 745 Taburnum.

95 759 216 802 Tuque
233 759 324 801 ades,
341 759 590 811 inceptumque
607 770 679 806 una
696 758 839 791 decurre
856 758 1018 800 laborem,

95 804 123 836 Ο
142 804 255 848 decus,
273 815 292 838 0
308 805 410 838 famae
427 805 550 838 merito
568 816 646 848 pars
663 804 817 853 maxima
833 807 967 846 nostrae,
1168 804 1214 836 40

94 941 182 983 Non,
199 941 287 973 mihi
304 941 333 974 si
349 941 479 984 linguae
497 946 639 975 centum
656 941 735 981 sint,
753 952 879 984 oraque
893 944 1044 984 centum,

94 986 219 1020 Ferrea
236 998 324 1020 vox:
349 987 440 1030 ades,
458 990 493 1020 et
510 987 614 1031 primi
630 987 706 1030 lege
723 968 833 1019 litoris
850 997 953 1019 oram.
982 1010 984 1015 ,

95 1032 138 1065 In
154 1032 315 1065 manibus
332 1036 431 1066 terrae
445 1044 452 1066 z
478 1044 547 1066 non
563 1032 621 1065 hic
638 1036 672 1065 te
690 1032 841 1065 carmine
857 1032 938 1065 ficto
981 1034 985 1038 '

93 1077 212 1120 Atque
229 1089 290 1122 per
306 1078 468 1121 ambages
486 1083 520 1111 et
537 1078 642 1122 longa
658 1089 779 1111 exorsa
795 1077 929 1110 tenebo.

140 1123 270 1167 Sponte
287 1135 350 1157 sua
367 1135 443 1167 quae
461 1135 496 1157 se
512 1124 644 1157 tollunt
660 1124 698 1156 111
714 1123 857 1156 luminis
875 1134 959 1165 oras,

95 1169 290 1202 Infecunda
307 1170 458 1213 quidem,
476 1170 535 1202 sed
552 1170 632 1203 laeta
649 1173 684 1202 et
700 1169 805 1202 fortia
823 1172 971 1212 surgunt
985 1180 993 1210 ;

95 1215 231 1258 Quippe
248 1215 318 1248 solo
334 1219 461 1248 natura
478 1215 604 1248 subest.
646 1215 776 1248 Tamen
792 1215 865 1247 haec
882 1225 1018 1258 quoque
1035 1213 1064 1248 si
1081 1213 1158 1259 quis

94 1260 240 1303 Inserat,
258 1265 321 1294 aut
339 1260 513 1294 scrobibus
530 1261 674 1294 mandet
689 1264 828 1294 mutata
844 1260 1006 1302 subactis,
1168 1261 1214 1293 50

93 1303 477 1340 Exuerint'silvestrem
493 1307 650 1339 animum
666 1319 674 1347 ;
700 1306 867 1349 cultuque
882 1305 1060 1349 frequenti

94 1351 137 1384 In
155 1363 389 1395 quascumque
406 1363 504 1385 voces
521 1355 612 1385 artes
628 1352 723 1385 haud
740 1352 841 1385 tarda
858 1354 1053 1394 sequentur.

93 1397 127 1430 N
129 1409 166 1430 ec
183 1409 253 1430 non
270 1401 305 1430 et
321 1397 458 1441 sterilis,
475 1409 551 1441 quae
570 1398 734 1442 stirpibus
752 1397 825 1430 exit
842 1396 885 1430 ab
901 1397 990 1441 imis,

95 1442 171 1476 Hoc
187 1443 302 1485 faciet,
321 1454 447 1476 vacuos
464 1443 493 1476 si
510 1443 555 1476 sit
572 1443 706 1487 digesta
722 1455 783 1487 per
799 1454 898 1486 agros
913 1455 920 1476 :
933 1448 986 1473 ἐν

92 1488 198 1522 Nunc
215 1489 295 1522 altae
312 1489 450 1522 frondes
467 1492 503 1522 et
519 1489 607 1522 rami
622 1488 745 1522 matris
763 1492 921 1533 opacant,

69 1533 338 1578 ‘Erescentique
355 1534 516 1568 adimunt
532 1535 636 1578 fetus,
652 1538 829 1577 uruntque
845 1534 1024 1567 ferentem.

93 1580 120 1613 J
121 1591 188 1621 am,
207 1591 282 1623 quae
301 1580 488 1613 semjnibus
500 1580 606 1624 jactis
624 1592 658 1613 se
676 1580 819 1613 sustulit
835 1579 944 1623 arbOS‚

94 1625 208 1659 Tarda
225 1626 331 1669 venit,
350 1626 432 1659 seris
448 1626 586 1659 factura
602 1626 786 1669 nepotibus
803 1625 961 1658 umbram
975 1636 984 1665 ;
1013 1636 1019 1648 ⁸

95 1671 271 1715 Pomaque
288 1671 499 1714 degenerant
516 1683 614 1705 sucos
631 1672 739 1704 oblita
755 1671 902 1715 priores3

95 1716 142 1750 Et
160 1721 278 1760 turpes
296 1717 418 1750 avibus
435 1717 588 1761 praedam
604 1717 672 1750 fert
689 1727 758 1750 uva
774 1728 935 1750 racemos.
1169 1718 1213 1749 60

140 1762 279 1796 Scilicet
296 1762 455 1796 omnibus
472 1766 524 1796 est
540 1763 636 1797 labor
652 1762 914 1807 impendendus,
932 1766 966 1796 et
983 1773 1100 1796 omnes
