1345 1927
410 63 676 97 GEORGICON
702 63 788 97 LIB.
815 63 876 97 IV.
1153 67 1194 98 81

86 132 243 165 Pastores
259 134 295 165 et
311 143 417 165 curva
433 132 557 174 legunt
573 142 679 176 p1ope
695 131 841 164 fiumina
857 131 984 166 Mellae.

84 177 201 220 Hujus
218 176 357 210 odorato
373 177 505 210 radices
521 177 667 220 incoque
684 177 829 219 Baccho,

83 222 284 265 Pabulaque
301 223 339 255 in
354 223 484 255 foribus
500 222 612 266 plenis
629 233 763 266 appone
779 222 948 255 canistris.
1129 224 1197 255 280

129 267 196 301 Sed
213 268 241 300 si
259 279 362 310 quem
380 268 490 311 proles
508 267 621 300 subito
639 267 802 300 defecerit
819 268 939 310 omnis,

81 312 116 345 N
117 324 165 354 ec,
181 325 291 356 genus
309 313 402 346 unde
418 323 514 346 novae
531 313 648 357 stirpis
664 317 853 356 revocetur,
870 312 1012 346 habebit
1027 324 1036 353 ;

83 358 233 402 Tempus
251 362 286 391 et
302 358 443 392 Arcadii
459 358 682 391 memoranda
698 358 842 391 inventa
858 358 1018 401 magistri

81 402 247 446 Pandere,
266 415 401 448 quoque
417 404 518 437 modo
536 404 630 437 caesis
643 405 718 446 jam
735 415 825 447 saepe
837 403 999 447 juvencis

82 449 277 482 Insincerus
294 461 375 493 apes
393 449 514 482 tulerit
531 460 639 482 cruor.
687 449 804 482 Altius
823 460 958 482 omnem

80 494 275 539 Expediam
292 495 404 538 prima
420 499 578 538 repetens
595 494 638 527 ab
656 495 789 537 origine
805 494 946 528 famam.

79 539 171 573 Nam
188 551 257 584 qua
273 540 391 573 Pellaei
407 552 491 584 gens
507 541 688 573 fortunata
705 540 835 583 Canopi

80 586 215 619 Accolit
232 585 338 618 effuso
356 591 579 629 stagnantem
594 585 737 618 flumine
754 585 886 628 Nilum,

79 631 126 664 Et
144 631 274 664 circum
290 631 393 675 pictis
410 631 550 664 vehitur
567 642 629 664 sua
645 642 727 663 rura
745 630 861 663 faselis
875 643 884 671 3

81 676 224 720 Quaque
241 677 449 720 pharetratae
465 677 594 709 vicinia
611 675 760 709 Persidis
778 680 890 719 urget,
1127 678 1193 709 290

77 721 140 766 [Et
152 721 500 765 viridemAEgyptum
516 722 616 764 nigra
635 721 799 754 fecundat
816 733 930 764 arena,

79 767 125 800 Et
141 767 276 800 diversa
292 779 395 800 ruens
414 772 545 810 septem
561 767 749 799 discurrit
740 778 777 798 111
795 767 867 812 ora]

79 812 197 855 Usque
214 812 371 845 coloratis
389 812 499 845 amnis
517 812 669 845 devexus
687 812 730 844 ab
748 811 866 845 Indis:

78 857 224 890 Omnis
214 869 251 890 111
268 858 333 890 hac
351 862 481 890 certam
496 857 590 900 regio
603 857 692 900 jacit
709 861 782 890 arte
800 857 957 890 salutem.

76 902 235 945 Exiguus
252 903 402 947 primum
420 907 525 947 atque
541 903 632 946 ipsos
649 906 847 936 contractus
864 903 908 936 ad
925 913 1009 935 usus

76 948 228 991 Eligitur
244 949 338 981 locus
353 961 360 982 :
386 949 479 981 hunc
496 948 705 992 angustique
722 948 864 981 imbrice
882 948 967 981 tecti

42 995 44 997 ’
77 993 340 1038 Parietibusque
356 999 519 1038 premunt
536 994 649 1036 arctis,
668 998 703 1027 et
719 997 868 1037 quatuor
884 994 1030 1037 addunt,

76 1039 234 1080 Quatuor
251 1051 272 1073 a
287 1041 411 1082 ventis,
429 1040 568 1083 obliqua
584 1040 662 1073 luce
678 1040 855 1073 fenestras.

75 1084 166 1117 Tum
181 1085 323 1128 vitulus,
340 1086 435 1119 bima
451 1097 599 1119 curvans
612 1086 688 1129 jam
705 1096 833 1118 cornua
849 1085 973 1128 fronte,

76 1130 272 1172 Quaeritur3
296 1112 378 1164 h'uic
395 1131 540 1174 geminae
558 1142 657 1164 nares
675 1134 709 1164 et
726 1131 867 1174 spiritus
885 1131 951 1163 oris
1118 1132 1187 1163 300

73 1175 190 1210 Multa
205 1176 393 1210 reluctanti
395 1159 575 1220 Dobsuitur,
594 1176 774 1221 plagisque
791 1180 945 1220 peremto

74 1220 192 1255 Tunsa
207 1233 269 1273 per
285 1222 458 1266 integram
475 1224 658 1255 solvuntur
675 1222 807 1255 viscera
822 1222 959 1266 pellem.

75 1265 132 1300 Sic
148 1267 300 1310 positum
317 1268 354 1300 in
371 1268 486 1301 clauso
504 1268 679 1311 linquunt,
698 1271 733 1300 et
749 1278 865 1300 ramea
882 1267 984 1299 costis

73 1311 158 1356 Subj
162 1312 274 1346 iciunt
289 1313 496 1356 fragmenta,
514 1313 686 1356 thymum,
704 1313 881 1355 casiasque
896 1315 1060 1346 recentes.

74 1357 150 1391 Hoc
166 1358 309 1402 geritur,
327 1359 486 1403 zephyris
502 1359 655 1402 primum
671 1357 931 1401 impellentibus
946 1358 1069 1401 undas,

71 1403 165 1436 Ante
181 1404 280 1437 novis
296 1404 445 1437 rubeant
463 1415 567 1447 quam
586 1409 685 1447 prata
702 1403 881 1443 coloribus,
899 1408 981 1436 ante

72 1449 219 1482 Garrula
236 1460 342 1493 quam
359 1450 466 1493 tignis
483 1449 606 1482 nidum
623 1449 812 1492 suspendat
828 1449 987 1483 hirundo.

71 1494 211 1528 Interea
227 1495 355 1528 teneris
371 1496 568 1539 tepefactus
584 1495 622 1527 in
639 1494 770 1527 ossibus
786 1494 911 1527 humor

69 1539 214 1574 AEstuat
228 1553 237 1581 ;
261 1546 296 1574 et
313 1541 456 1574 visenda
471 1540 581 1574 modis
598 1540 763 1573 animalia
778 1540 884 1583 miris,

70 1585 208 1619 Trunca
225 1587 353 1630 pedum
371 1586 491 1630 primo,
508 1597 590 1620 mox
607 1590 642 1619 et
659 1586 842 1619 stridentia
859 1585 991 1629 pennis,
1117 1586 1186 1619 310

70 1631 273 1675 Miscentur,
290 1637 501 1676 tenuemque
516 1632 627 1675 magis
643 1631 754 1674 magis
771 1632 853 1664 aera
869 1634 1019 1674 carpunt
1032 1642 1043 1673 3

71 1677 198 1720 Donec,
214 1682 256 1711 ut
273 1678 402 1711 aestivis
419 1678 547 1711 effusus
563 1677 714 1710 nubibus
731 1677 850 1720 imber,

74 1722 232 1766 Erupere,
251 1728 313 1756 aut
329 1728 370 1756 ut
387 1735 492 1756 nervo
509 1723 672 1769 pulsante
689 1723 835 1766 sagittae,

67 1765 186 1802 Prima
203 1769 256 1803 lex
260 1781 294 1803 es
311 1771 467 1804 ineunt
453 1771 504 1804 si·
500 1768 636 1815 ‘lua-ndo
654 1769 773 1812 proelia
792 1767 922 1802 Parthi.

620 1826 641 1848 G
