1345 1927
423 63 642 98 AENEIDOS
667 64 754 98 LIB.
779 64 807 99 I.

58 128 127 162 Hic
138 130 213 173 jam
229 132 282 163 ter
299 133 441 162 centum
456 134 547 164 totos
563 128 766 172 regnabitur
782 140 890 162 annos

58 175 167 208 Gente
184 175 246 208 sub
264 175 444 216 Hectorea,
462 176 570 209 donec
586 175 706 217 regina
723 175 879 207 sacerdos

55 219 171 253 Marte
186 220 301 263 gravis
317 221 492 263 geminam
510 224 614 265 partu
633 219 731 253 dabit
749 220 815 253 Ilia
831 220 971 264 prolem.

57 265 146 298 Inde
161 265 255 309 lupae
271 266 369 299 fulvo
386 267 533 299 nutricis
549 265 703 308 tegmine
719 265 821 298 laetus

55 310 224 344 Romulus
240 311 392 354 excipiet
408 315 558 354 gentem,
575 315 611 344 et
628 311 801 344 Mavortia
817 311 941 344 condet

53 355 195 398 Moenia,
213 356 453 400 Romanosque
470 369 530 390 suo
547 357 590 389 de
606 356 745 389 nomine
762 356 862 389 dicet.

55 401 121 434 His
137 412 200 445 ego
217 413 281 435 nee
297 406 407 435 metas
422 414 539 435 rerum
556 413 619 435 nec
636 405 791 445 tempora
808 413 897 445 pono
912 415 920 443 ;

54 446 243 491 Imperium
261 447 334 480 sine
350 448 419 481 fine
435 448 524 482 dedi.
574 447 666 488 Quin
684 458 804 490 aspera
821 447 847 480 J
849 459 927 489 11110,

54 492 138 534 Quae
154 504 249 526 mare
264 504 359 526 nunc
376 498 552 537 terrasque
567 497 665 526 metu
682 493 877 536 coelumque
895 493 1033 536 fatigat,

53 537 202 572 Consilia
217 538 255 570 in
271 538 395 571 melius
411 539 545 581 referet,
563 549 768 581 mecumque
784 538 916 572 fovebit

52 582 234 626 Romanos,
251 595 367 617 rerum
385 585 548 627 dominos,
566 589 776 628 gentemque
793 588 958 627 togatam.

52 628 108 662 Sic
125 629 303 673 placitum.
353 630 478 663 Veniet
495 630 613 663 lustris
630 629 828 662 labentibus
846 634 940 672 aetas,

53 674 169 714 Quum
187 675 308 708 domus
324 675 483 709 Assaraci
501 675 667 708 Phthiam
685 674 862 718 clarasque
880 675 1045 718 Mycenas

52 719 200 753 servitio
216 724 359 764 premet,
377 732 416 754 ac
433 721 536 754 victis
553 720 788 753 dominabitur
806 721 917 763 Argis.

50 764 223 798 Nascetur
239 766 386 810 pulchra
403 766 570 809 Trojanus
587 766 719 809 origine
738 766 864 807 Caesar,

51 810 242 854 Imperium
260 822 394 853 oceano,
411 812 540 844 famam
559 812 619 855 qui
636 810 800 844 terminet
817 812 929 854 astris,

50 856 77 889 J
79 856 180 899 nlius,
197 867 218 889 a
233 867 359 899 magno
377 857 563 889 demissum
581 867 705 889 nomen
725 856 812 889 Iulo.

50 901 157 934 Hunc
174 905 214 934 tu
231 901 313 934 olim
330 902 423 945 coelo,
442 902 558 946 spoliis
577 902 726 935 Orientis
747 905 924 944 onustum,

53 947 206 991 Accipies
224 958 343 980 secura
358 960 366 987 ;
391 947 570 980 vocabitur
586 947 642 980 hic
660 958 795 990 quoque
815 948 913 981 votis.

49 992 180 1036 Aspera
196 997 273 1025 tum
290 993 410 1036 positis
426 993 609 1026 mitescent
626 993 752 1025 saecula
769 993 867 1025 bellis
887 1005 895 1034 ;

49 1038 143 1072 Cana
159 1038 261 1072 Fides
277 1043 312 1071 et
329 1038 443 1081 Vesta,
463 1039 568 1072 Remo
585 1049 665 1071 cum
681 1038 788 1071 frat-re
806 1038 972 1080 Quirinus

48 1083 75 1117 J
77 1095 139 1117 ura
157 1084 314 1124 dabunt3
339 1084 422 1117 dirae
435 1075 528 1118 'ferro
546 1089 580 1117 et
598 1083 821 1136 compagibus
838 1083 942 1117 aletis

49 1129 263 1162 Claudentur
279 1129 360 1162 belli
377 1134 510 1174 portae3
537 1130 648 1163 Furor
665 1130 793 1173 impius
810 1129 917 1171 intus,

48 1175 147 1208 Saeva
163 1175 283 1208 sedens
300 1186 401 1219 super
417 1186 523 1218 arma,
541 1180 577 1209 et
594 1178 735 1208 centum
752 1175 890 1208 vinctus
905 1173 1027 1207 ahenis

47 1219 131 1253 Post
148 1224 286 1263 tergum
302 1221 409 1263 nodis,
426 1203 551 1254 fremet
567 1220 725 1253 horridus
742 1231 798 1253 ore
815 1218 993 1254 cruentoff'

97 1266 184 1298 Haec
201 1265 272 1299 ait:
297 1269 333 1299 et
350 1266 446 1299 Maia
463 1267 622 1309 genitum
639 1265 794 1298 demittit
811 1259 854 1298 ab
871 1266 952 1309 alto,

49 1311 99 1344 Ut
116 1315 226 1354 terrae,
243 1315 352 1354 utque
365 1323 467 1344 novae
485 1315 631 1355 pateant
648 1311 868 1354 Carthaginis
885 1322 979 1344 arces

50 1355 212 1400 Hospitio
229 1356 378 1400 Teucris,
396 1369 440 1390 ne
457 1357 523 1390 fati
540 1357 656 1389 nescia
672 1356 763 1389 Dido

49 1401 195 1435 Finibus
211 1406 353 1435 arceret.
402 1402 506 1436 Volat
522 1403 582 1435 1116
599 1413 660 1445 per
676 1403 758 1434 aera
774 1413 941 1444 magnum

49 1447 206 1490 Remigio
224 1447 367 1491 alarum,
386 1459 425 1481 ac
443 1448 559 1491 Libyae
577 1448 667 1480 citus
684 1447 823 1480 adstitit
839 1447 914 1481 oris.

51 1492 99 1525 Et
109 1494 185 1536 jam
197 1494 295 1536 jussa
310 1493 396 1526 facit
411 1506 419 1534 ;
444 1497 648 1537 ponuntque
664 1493 792 1525 ferocia
809 1492 907 1525 Poeni

51 1538 171 1580 Corda,
189 1538 327 1571 volente
344 1539 406 1571 deo
422 1552 430 1579 ;
454 1540 491 1571 in
508 1538 628 1582 primis
645 1538 764 1581 regina
781 1538 940 1581 quietum

49 1583 189 1627 Accipit
205 1584 244 1616 in
263 1583 409 1617 Teucros
427 1585 582 1618 animum
598 1588 818 1627 mentemque
834 1583 1030 1627 benignam.

90 1629 139 1662 At
154 1629 233 1673 pius
262 1629 391 1663 AEneas
409 1642 468 1674 per
485 1634 623 1663 noctem
639 1629 790 1673 plurima
806 1629 958 1673 volvens,

47 1674 97 1707 Ut
112 1675 264 1718 primum
280 1675 343 1708 lux
360 1675 453 1708 alma
470 1676 553 1708 data
575 1680 636 1718 est,
654 1675 748 1708 exire
763 1675 926 1718 locosque

46 1719 238 1764 Explorare
253 1732 368 1765 nOVOS,
385 1733 471 1765 quas
488 1725 591 1755 vento
608 1720 788 1754 accesserit
806 1731 891 1764 oras,

593 1777 620 1800 Η

1102 495 1169 526 280

1101 950 1168 980 290

1102 1405 1169 1435 300
1202 1427 1205 1429 -
