1330 1932
413 48 634 84 AENEIDOS
659 48 747 82 LIB.
775 48 816 81 V.

57 114 156 149 Talia
172 115 267 149 dicta
282 115 397 158 dabat,
414 115 621 157 clavumque
637 112 762 146 affixus
779 116 814 145 et
831 111 964 144 haerens

57 161 239 205 Nusquam
255 161 448 204 amittebat,
466 159 649 203 oculosque
666 157 729 190 sub
746 162 838 190 astra
855 156 1005 190 tenebat.

57 206 147 240 Ecce
164 207 248 240 deus
264 219 400 241 ramum
416 206 556 239 Lethaeo
572 216 648 238 rore
663 203 873 245 madentem,

59 251 172 296 Vique
189 257 386 296 soporatum
402 251 535 295 Stygia,
553 260 656 294 super
672 253 821 292 utraque
838 251 979 292 quassat

57 297 226 342 Tempora
239 310 248 338 ς
273 297 522 340 cunctantique
538 295 699 329 natantia.
715 293 850 327 lumina
867 293 978 326 solvit.

58 342 128 376 Vix
144 343 272 387 primos
288 343 432 387 inopina
447 342 544 386 quies
560 341 742 374 laxaverat
758 344 855 373 artus
871 351 878 373 :

57 388 104 421 Et
121 400 224 433 super
240 388 454 431 incumbens,
472 399 553 421 cum
568 386 696 431 puppis
712 389 812 429 parte
827 385 975 428 revulsa,

57 433 214 477 Cumque
229 434 448 477 gubemaclo‚
466 433 618 477 liquidas
634 431 781 476 projecit
797 431 835 463 111
852 431 964 464 undas

57 478 288 523 Praecipitem,
305 491 346 513 ac
363 479 468 512 socios
485 478 722 522 nequidquam
739 487 829 521 saepe
846 481 1037 511 vocantem.

58 525 137 569 Ipse
153 525 273 558 volans
290 529 411 558 tenues
429 536 463 558 se
480 523 623 557 sustulit
639 524 710 557 ales
727 522 772 555 ad
788 533 900 556 auras.

58 569 174 603 Currit
189 571 256 603 iter
273 574 392 604 tutum
408 582 478 603 non
495 570 605 603 secius
623 580 759 613 aequore
776 568 904 611 classis,

57 615 305 660 Promissisque
322 616 430 660 patris
447 615 606 658 Neptuni
621 615 783 648 interrita
799 614 919 647 fertur.

57 661 209 705 Jamque
225 661 310 695 adeo
328 661 484 705 scopulos
501 661 662 694 Sirenum
678 659 826 693 advecta
842 659 990 702 subibat,

57 706 223 740 Difficiles
240 707 424 750 quondam,
437 706 698 749 multorumque
715 704 845 738 ossibus
863 705 957 738 albos
971 717 980 746 ;

58 752 147 785 Tum
162 763 267 785 rauca
283 752 421 785 assiduo
437 752 540 794 longe
557 751 627 784 sale
643 762 728 784 saxa
750 750 920 784 sonabant
934 762 940 783 :

57 797 173 838 Quum
189 800 289 841 pater
304 797 428 830 amisso
443 797 643 829 fluitantem
660 807 772 829 errare
789 796 956 839 magistro

56 842 180 886 Sensit,
197 847 233 876 et
249 843 322 886 ipse
337 846 449 876 ratem
465 841 643 876 nocturnis
659 841 752 875 rexit
768 841 806 874 in
822 841 936 885 undis,

57 887 174 921 Multa
186 899 336 931 gemens,
354 899 504 932 casuque
521 887 678 921 animum
695 898 879 921 concussus
896 887 1009 922 amici.

59 933 78 950 “
89 932 117 965 Ο
133 933 282 966 nimium
298 933 382 967 coelo
399 937 434 966 et
450 932 572 976 pelago
589 933 715 966 confise
732 944 859 975 sereno,

57 977 181 1011 Nudus
196 978 234 1011 111
251 978 379 1022 ignota,
397 978 569 1021 Palinure,
581 978 713 1022 jacebis
729 990 833 1012 arena
847 977 879 1012 1⁹³

1114 47 1179 78 199

1108 479 1173 510 860

1098 931 1164 963 870

1309 644 1314 714 ξ

1308 720 1312 801 Ξ
