<?xml version="1.0" encoding="UTF-8"?>
<!DOCTYPE html PUBLIC "-//W3C//DTD XHTML 1.0 Transitional//EN"
    "http://www.w3.org/TR/xhtml1/DTD/xhtml1-transitional.dtd">
<html xmlns="http://www.w3.org/1999/xhtml" xml:lang="en" lang="en">
 <head>
  <title>
</title>
<meta http-equiv="Content-Type" content="text/html;charset=utf-8" />
  <meta name='ocr-system' content='tesseract 3.04.00' />
  <meta name='ocr-capabilities' content='ocr_page ocr_carea ocr_par ocr_line ocrx_word'/>
</head>
<body>
  <div class='ocr_page' id='page_1' title='image "./operaomnia00virguoft/operaomnia00virguoft_0223.png"; bbox 0 0 1330 1932; ppageno 0'>
   <div class='ocr_carea' id='block_1_1' title="bbox 0 0 16 1932">
    <p class='ocr_par' dir='ltr' id='par_1_1' title="bbox 0 0 16 1932">
     <span class='ocr_line' id='line_1_1' title="bbox 0 0 16 1932; baseline 0 0"><span class='ocrx_word' id='word_1_1' title='bbox 0 0 16 1932; x_wconf 95' lang='lat' dir='ltr'> </span> 
     </span>
    </p>
   </div>
   <div class='ocr_carea' id='block_1_2' title="bbox 446 73 1213 110">
    <p class='ocr_par' dir='ltr' id='par_1_2' title="bbox 446 73 1213 110">
     <span class='ocr_line' id='line_1_2' title="bbox 446 73 1213 110; baseline 0.005 -4"><span class='ocrx_word' id='word_1_2' title='bbox 446 73 668 107; x_wconf 86' lang='lat' dir='ltr'>AENEIDOS</span> <span class='ocrx_word' id='word_1_3' title='bbox 692 73 779 108; x_wconf 83' lang='lat' dir='ltr'>LIB.</span> <span class='ocrx_word' id='word_1_4' title='bbox 807 75 867 109; x_wconf 91' lang='lat' dir='ltr'>VI.</span> <span class='ocrx_word' id='word_1_5' title='bbox 1145 79 1213 110; x_wconf 83' lang='lat'>215</span> 
     </span>
    </p>
   </div>
   <div class='ocr_carea' id='block_1_3' title="bbox 94 139 1213 592">
    <p class='ocr_par' dir='ltr' id='par_1_3' title="bbox 100 139 1140 227">
     <span class='ocr_line' id='line_1_3' title="bbox 101 139 1140 182; baseline 0.003 -10"><span class='ocrx_word' id='word_1_6' title='bbox 101 139 193 180; x_wconf 83' lang='lat' dir='ltr'>Quid</span> <span class='ocrx_word' id='word_1_7' title='bbox 209 139 343 172; x_wconf 72' lang='lat' dir='ltr'>moror‘l</span> <span class='ocrx_word' id='word_1_8' title='bbox 368 139 568 182; x_wconf 86' lang='lat' dir='ltr'>irrumpunt</span> <span class='ocrx_word' id='word_1_9' title='bbox 584 139 758 180; x_wconf 85' lang='lat' dir='ltr'>thalamo3</span> <span class='ocrx_word' id='word_1_10' title='bbox 783 150 895 174; x_wconf 82' lang='lat' dir='ltr'>eomes</span> <span class='ocrx_word' id='word_1_11' title='bbox 911 141 1051 175; x_wconf 85' lang='lat' dir='ltr'>additus</span> <span class='ocrx_word' id='word_1_12' title='bbox 1069 153 1140 175; x_wconf 84' lang='lat' dir='ltr'>una</span> 
     </span>
     <span class='ocr_line' id='line_1_4' title="bbox 100 184 960 227; baseline 0.002 -10"><span class='ocrx_word' id='word_1_13' title='bbox 100 184 268 218; x_wconf 82' lang='lat' dir='ltr'>Hortator</span> <span class='ocrx_word' id='word_1_14' title='bbox 285 185 453 217; x_wconf 88' lang='lat' dir='ltr'>scelerum</span> <span class='ocrx_word' id='word_1_15' title='bbox 469 184 630 218; x_wconf 88' lang='lat' dir='ltr'>AEolides.</span> <span class='ocrx_word' id='word_1_16' title='bbox 671 185 727 227; x_wconf 91' lang='lat' dir='ltr'>Di,</span> <span class='ocrx_word' id='word_1_17' title='bbox 746 185 831 219; x_wconf 82' lang='lat' dir='ltr'>talia</span> <span class='ocrx_word' id='word_1_18' title='bbox 849 186 960 219; x_wconf 81' lang='lat' dir='ltr'>Graiis</span> 
     </span>
    </p>

    <p class='ocr_par' dir='ltr' id='par_1_4' title="bbox 97 229 1213 318">
     <span class='ocr_line' id='line_1_5' title="bbox 99 229 1213 274; baseline 0.003 -12"><span class='ocrx_word' id='word_1_19' title='bbox 99 230 318 270; x_wconf 80' lang='lat' dir='ltr'>Instaurate3</span> <span class='ocrx_word' id='word_1_20' title='bbox 342 230 399 273; x_wconf 89' lang='lat' dir='ltr'>pio</span> <span class='ocrx_word' id='word_1_21' title='bbox 417 229 445 262; x_wconf 87' lang='lat' dir='ltr'>si</span> <span class='ocrx_word' id='word_1_22' title='bbox 462 240 580 273; x_wconf 84' lang='lat' dir='ltr'>poenas</span> <span class='ocrx_word' id='word_1_23' title='bbox 597 241 653 263; x_wconf 89' lang='lat' dir='ltr'>ore</span> <span class='ocrx_word' id='word_1_24' title='bbox 669 241 816 274; x_wconf 87' lang='lat' dir='ltr'>reposco.</span> <span class='ocrx_word' id='word_1_25' title='bbox 1147 235 1213 266; x_wconf 83' lang='lat'>530</span> 
     </span>
     <span class='ocr_line' id='line_1_6' title="bbox 97 274 903 318; baseline 0 -10"><span class='ocrx_word' id='word_1_26' title='bbox 97 274 164 308; x_wconf 85' lang='lat' dir='ltr'>Sed</span> <span class='ocrx_word' id='word_1_27' title='bbox 181 279 216 308; x_wconf 87' lang='lat' dir='ltr'>te</span> <span class='ocrx_word' id='word_1_28' title='bbox 234 275 295 318; x_wconf 92' lang='lat' dir='ltr'>qui</span> <span class='ocrx_word' id='word_1_29' title='bbox 312 275 431 308; x_wconf 88' lang='lat' dir='ltr'>vivum</span> <span class='ocrx_word' id='word_1_30' title='bbox 447 285 555 317; x_wconf 81' lang='lat' dir='ltr'>casuS,</span> <span class='ocrx_word' id='word_1_31' title='bbox 573 286 637 318; x_wconf 86' lang='lat' dir='ltr'>age</span> <span class='ocrx_word' id='word_1_32' title='bbox 653 276 725 308; x_wconf 87' lang='lat' dir='ltr'>fare</span> <span class='ocrx_word' id='word_1_33' title='bbox 743 275 903 318; x_wconf 84' lang='lat' dir='ltr'>vicissim,</span> 
     </span>
    </p>

    <p class='ocr_par' dir='ltr' id='par_1_5' title="bbox 97 320 937 364">
     <span class='ocr_line' id='line_1_7' title="bbox 97 320 937 364; baseline 0.001 -11"><span class='ocrx_word' id='word_1_34' title='bbox 97 320 302 354; x_wconf 86' lang='lat' dir='ltr'>Attulerint.</span> <span class='ocrx_word' id='word_1_35' title='bbox 345 320 509 363; x_wconf 76' lang='lat' dir='ltr'>Pelagine</span> <span class='ocrx_word' id='word_1_36' title='bbox 526 320 622 353; x_wconf 84' lang='lat' dir='ltr'>venis</span> <span class='ocrx_word' id='word_1_37' title='bbox 640 320 810 354; x_wconf 86' lang='lat' dir='ltr'>erroribus</span> <span class='ocrx_word' id='word_1_38' title='bbox 827 325 937 364; x_wconf 86' lang='lat' dir='ltr'>aetus,</span> 
     </span>
    </p>

    <p class='ocr_par' dir='ltr' id='par_1_6' title="bbox 96 365 995 410">
     <span class='ocr_line' id='line_1_8' title="bbox 96 365 995 410; baseline 0.001 -12"><span class='ocrx_word' id='word_1_39' title='bbox 96 365 152 398; x_wconf 90' lang='lat' dir='ltr'>An</span> <span class='ocrx_word' id='word_1_40' title='bbox 168 365 305 398; x_wconf 86' lang='lat' dir='ltr'>monitu</span> <span class='ocrx_word' id='word_1_41' title='bbox 322 365 464 398; x_wconf 73' lang='lat' dir='ltr'>divum?</span> <span class='ocrx_word' id='word_1_42' title='bbox 489 376 534 398; x_wconf 86' lang='lat' dir='ltr'>an</span> <span class='ocrx_word' id='word_1_43' title='bbox 553 376 631 408; x_wconf 86' lang='lat' dir='ltr'>quae</span> <span class='ocrx_word' id='word_1_44' title='bbox 648 369 683 399; x_wconf 88' lang='lat' dir='ltr'>te</span> <span class='ocrx_word' id='word_1_45' title='bbox 699 366 841 399; x_wconf 83' lang='lat' dir='ltr'>fortuna</span> <span class='ocrx_word' id='word_1_46' title='bbox 857 367 995 410; x_wconf 81' lang='lat' dir='ltr'>fatigat,</span> 
     </span>
    </p>

    <p class='ocr_par' dir='ltr' id='par_1_7' title="bbox 97 410 1030 453">
     <span class='ocr_line' id='line_1_9' title="bbox 97 410 1030 453; baseline 0.002 -10"><span class='ocrx_word' id='word_1_47' title='bbox 97 410 145 444; x_wconf 84' lang='lat' dir='ltr'>Ut</span> <span class='ocrx_word' id='word_1_48' title='bbox 162 411 277 444; x_wconf 85' lang='lat' dir='ltr'>tristes</span> <span class='ocrx_word' id='word_1_49' title='bbox 294 410 367 444; x_wconf 88' lang='lat' dir='ltr'>sine</span> <span class='ocrx_word' id='word_1_50' title='bbox 384 410 452 443; x_wconf 85' lang='lat' dir='ltr'>sole</span> <span class='ocrx_word' id='word_1_51' title='bbox 469 410 595 453; x_wconf 86' lang='lat' dir='ltr'>domOS,</span> <span class='ocrx_word' id='word_1_52' title='bbox 613 411 689 444; x_wconf 85' lang='lat' dir='ltr'>loca</span> <span class='ocrx_word' id='word_1_53' title='bbox 705 411 854 453; x_wconf 85' lang='lat' dir='ltr'>turbida,</span> <span class='ocrx_word' id='word_1_54' title='bbox 872 412 984 445; x_wconf 89' lang='lat' dir='ltr'>adires</span> <span class='ocrx_word' id='word_1_55' title='bbox 998 410 1030 445; x_wconf 71' lang='lat'>2”</span> 
     </span>
    </p>

    <p class='ocr_par' dir='ltr' id='par_1_8' title="bbox 96 456 942 500">
     <span class='ocr_line' id='line_1_10' title="bbox 96 456 942 500; baseline 0.001 -12"><span class='ocrx_word' id='word_1_56' title='bbox 96 456 173 489; x_wconf 87' lang='lat' dir='ltr'>Hac</span> <span class='ocrx_word' id='word_1_57' title='bbox 190 456 264 490; x_wconf 82' lang='lat' dir='ltr'>viee</span> <span class='ocrx_word' id='word_1_58' title='bbox 282 466 477 489; x_wconf 87' lang='lat' dir='ltr'>sermonum</span> <span class='ocrx_word' id='word_1_59' title='bbox 493 456 596 489; x_wconf 87' lang='lat' dir='ltr'>roseis</span> <span class='ocrx_word' id='word_1_60' title='bbox 614 456 748 490; x_wconf 86' lang='lat' dir='ltr'>Aurora</span> <span class='ocrx_word' id='word_1_61' title='bbox 765 457 942 500; x_wconf 84' lang='lat' dir='ltr'>quadrigis</span> 
     </span>
    </p>

    <p class='ocr_par' dir='ltr' id='par_1_9' title="bbox 95 501 964 545">
     <span class='ocr_line' id='line_1_11' title="bbox 95 501 964 545; baseline 0 -10"><span class='ocrx_word' id='word_1_62' title='bbox 95 501 119 534; x_wconf 84' lang='lat' dir='ltr'><strong>J</strong></span> <span class='ocrx_word' id='word_1_63' title='bbox 121 513 178 535; x_wconf 83' lang='lat' dir='ltr'>am</span> <span class='ocrx_word' id='word_1_64' title='bbox 193 501 348 534; x_wconf 89' lang='lat' dir='ltr'>medium</span> <span class='ocrx_word' id='word_1_65' title='bbox 365 501 505 534; x_wconf 89' lang='lat' dir='ltr'>aetherio</span> <span class='ocrx_word' id='word_1_66' title='bbox 521 512 626 534; x_wconf 84' lang='lat' dir='ltr'>cursu</span> <span class='ocrx_word' id='word_1_67' title='bbox 642 503 825 545; x_wconf 83' lang='lat' dir='ltr'>trajecerat</span> <span class='ocrx_word' id='word_1_68' title='bbox 844 513 964 543; x_wconf 78' lang='lat' dir='ltr'>axem3</span> 
     </span>
    </p>

    <p class='ocr_par' dir='ltr' id='par_1_10' title="bbox 94 546 1026 592">
     <span class='ocr_line' id='line_1_12' title="bbox 94 546 1026 592; baseline 0.002 -13"><span class='ocrx_word' id='word_1_69' title='bbox 94 546 140 580; x_wconf 87' lang='lat' dir='ltr'>Et</span> <span class='ocrx_word' id='word_1_70' title='bbox 157 547 225 580; x_wconf 88' lang='lat' dir='ltr'>fors</span> <span class='ocrx_word' id='word_1_71' title='bbox 242 557 342 579; x_wconf 90' lang='lat' dir='ltr'>omne</span> <span class='ocrx_word' id='word_1_72' title='bbox 359 546 481 579; x_wconf 77' lang='lat' dir='ltr'>datum</span> <span class='ocrx_word' id='word_1_73' title='bbox 497 547 674 580; x_wconf 76' lang='lat' dir='ltr'>traherent</span> <span class='ocrx_word' id='word_1_74' title='bbox 691 558 752 590; x_wconf 87' lang='lat' dir='ltr'>per</span> <span class='ocrx_word' id='word_1_75' title='bbox 769 547 854 580; x_wconf 84' lang='lat' dir='ltr'>talia</span> <span class='ocrx_word' id='word_1_76' title='bbox 871 551 1026 592; x_wconf 84' lang='lat' dir='ltr'>tempus:</span> 
     </span>
    </p>
   </div>
   <div class='ocr_carea' id='block_1_4' title="bbox 94 591 1092 679">
    <p class='ocr_par' dir='ltr' id='par_1_11' title="bbox 94 591 1092 670">
     <span class='ocr_line' id='line_1_13' title="bbox 94 591 1092 636; baseline 0.003 -12"><span class='ocrx_word' id='word_1_77' title='bbox 94 591 161 625; x_wconf 85' lang='lat' dir='ltr'>Sed</span> <span class='ocrx_word' id='word_1_78' title='bbox 178 603 289 625; x_wconf 84' lang='lat' dir='ltr'>comes</span> <span class='ocrx_word' id='word_1_79' title='bbox 307 591 498 634; x_wconf 83' lang='lat' dir='ltr'>admonuit,</span> <span class='ocrx_word' id='word_1_80' title='bbox 515 592 733 635; x_wconf 84' lang='lat' dir='ltr'>breviterque</span> <span class='ocrx_word' id='word_1_81' title='bbox 749 592 856 625; x_wconf 86' lang='lat' dir='ltr'>affata</span> <span class='ocrx_word' id='word_1_82' title='bbox 873 592 1007 636; x_wconf 85' lang='lat' dir='ltr'>Sibylla</span> <span class='ocrx_word' id='word_1_83' title='bbox 1023 597 1092 628; x_wconf 77' lang='lat' dir='ltr'>est.</span> 
     </span>
     <span class='ocr_line' id='line_1_14' title="bbox 95 634 970 679; baseline -0.005 -8.832"><span class='ocrx_word' id='word_1_84' title='bbox 95 636 204 670; x_wconf 83' lang='lat' dir='ltr'>“Nox</span> <span class='ocrx_word' id='word_1_85' title='bbox 221 637 301 679; x_wconf 81' lang='lat' dir='ltr'>ruit,</span> <span class='ocrx_word' id='word_1_86' title='bbox 320 638 451 675; x_wconf 82' lang='lat' dir='ltr'>AEnea3</span> <span class='ocrx_word' id='word_1_87' title='bbox 475 645 536 667; x_wconf 92' lang='lat' dir='ltr'>nos</span> <span class='ocrx_word' id='word_1_88' title='bbox 553 634 667 667; x_wconf 88' lang='lat' dir='ltr'>fiendo</span> <span class='ocrx_word' id='word_1_89' title='bbox 685 634 842 667; x_wconf 85' lang='lat' dir='ltr'>ducimus</span> <span class='ocrx_word' id='word_1_90' title='bbox 861 634 970 668; x_wconf 84' lang='lat' dir='ltr'>horas.</span> 
     </span>
    </p>
   </div>
   <div class='ocr_carea' id='block_1_5' title="bbox 91 660 1207 1759">
    <p class='ocr_par' dir='ltr' id='par_1_12' title="bbox 91 660 1207 1759">
     <span class='ocr_line' id='line_1_15' title="bbox 95 660 1206 724; baseline 0 -10"><span class='ocrx_word' id='word_1_91' title='bbox 95 681 164 714; x_wconf 89' lang='lat' dir='ltr'>Hic</span> <span class='ocrx_word' id='word_1_92' title='bbox 181 681 276 714; x_wconf 85' lang='lat' dir='ltr'>locus</span> <span class='ocrx_word' id='word_1_93' title='bbox 292 685 353 723; x_wconf 88' lang='lat' dir='ltr'>est,</span> <span class='ocrx_word' id='word_1_94' title='bbox 371 660 484 724; x_wconf 80' lang='lat' dir='ltr'>part&#39;es</span> <span class='ocrx_word' id='word_1_95' title='bbox 501 679 560 712; x_wconf 93' lang='lat' dir='ltr'>ubi</span> <span class='ocrx_word' id='word_1_96' title='bbox 577 691 611 713; x_wconf 88' lang='lat' dir='ltr'>se</span> <span class='ocrx_word' id='word_1_97' title='bbox 627 679 685 713; x_wconf 83' lang='lat' dir='ltr'>via</span> <span class='ocrx_word' id='word_1_98' title='bbox 700 679 830 712; x_wconf 87' lang='lat' dir='ltr'>findit</span> <span class='ocrx_word' id='word_1_99' title='bbox 820 690 858 712; x_wconf 84' lang='lat' dir='ltr'>in</span> <span class='ocrx_word' id='word_1_100' title='bbox 875 679 1009 713; x_wconf 85' lang='lat' dir='ltr'>ambas:</span> <span class='ocrx_word' id='word_1_101' title='bbox 1138 682 1206 714; x_wconf 78' lang='lat'>540</span> 
     </span>
     <span class='ocr_line' id='line_1_16' title="bbox 95 725 964 769; baseline -0.002 -10"><span class='ocrx_word' id='word_1_102' title='bbox 95 725 258 769; x_wconf 80' lang='lat' dir='ltr'>Dextera,</span> <span class='ocrx_word' id='word_1_103' title='bbox 276 737 352 769; x_wconf 83' lang='lat' dir='ltr'>quae</span> <span class='ocrx_word' id='word_1_104' title='bbox 370 726 461 758; x_wconf 85' lang='lat' dir='ltr'>Ditis</span> <span class='ocrx_word' id='word_1_105' title='bbox 477 726 597 768; x_wconf 78' lang='lat' dir='ltr'>magni</span> <span class='ocrx_word' id='word_1_106' title='bbox 614 725 677 758; x_wconf 89' lang='lat' dir='ltr'>sub</span> <span class='ocrx_word' id='word_1_107' title='bbox 694 725 822 758; x_wconf 87' lang='lat' dir='ltr'>moenia</span> <span class='ocrx_word' id='word_1_108' title='bbox 840 725 964 768; x_wconf 84' lang='lat' dir='ltr'>tendit,</span> 
     </span>
     <span class='ocr_line' id='line_1_17' title="bbox 95 770 915 814; baseline -0.004 -9"><span class='ocrx_word' id='word_1_109' title='bbox 95 770 172 805; x_wconf 84' lang='lat' dir='ltr'>Hac</span> <span class='ocrx_word' id='word_1_110' title='bbox 188 772 255 805; x_wconf 88' lang='lat' dir='ltr'>iter</span> <span class='ocrx_word' id='word_1_111' title='bbox 272 771 430 814; x_wconf 88' lang='lat' dir='ltr'>Elysium</span> <span class='ocrx_word' id='word_1_112' title='bbox 447 770 564 803; x_wconf 87' lang='lat' dir='ltr'>nobis:</span> <span class='ocrx_word' id='word_1_113' title='bbox 589 774 626 803; x_wconf 91' lang='lat' dir='ltr'>at</span> <span class='ocrx_word' id='word_1_114' title='bbox 643 770 729 803; x_wconf 86' lang='lat' dir='ltr'>laeva</span> <span class='ocrx_word' id='word_1_115' title='bbox 744 770 915 803; x_wconf 77' lang='lat' dir='ltr'>malorum</span> 
     </span>
     <span class='ocr_line' id='line_1_18' title="bbox 100 813 947 860; baseline -0.001 -12"><span class='ocrx_word' id='word_1_116' title='bbox 100 816 245 850; x_wconf 81' lang='lat' dir='ltr'>Exercet</span> <span class='ocrx_word' id='word_1_117' title='bbox 261 827 388 860; x_wconf 85' lang='lat' dir='ltr'>poenas,</span> <span class='ocrx_word' id='word_1_118' title='bbox 406 821 441 848; x_wconf 87' lang='lat' dir='ltr'>et</span> <span class='ocrx_word' id='word_1_119' title='bbox 456 817 500 849; x_wconf 86' lang='lat' dir='ltr'>ad</span> <span class='ocrx_word' id='word_1_120' title='bbox 516 815 624 857; x_wconf 88' lang='lat' dir='ltr'>impia</span> <span class='ocrx_word' id='word_1_121' title='bbox 641 815 784 848; x_wconf 84' lang='lat' dir='ltr'>Tartara</span> <span class='ocrx_word' id='word_1_122' title='bbox 800 813 947 847; x_wconf 85' lang='lat' dir='ltr'>mittit.’</span> 
     </span>
     <span class='ocr_line' id='line_1_19' title="bbox 98 858 1012 905; baseline -0.003 -11"><span class='ocrx_word' id='word_1_123' title='bbox 98 861 298 905; x_wconf 73' lang='lat' dir='ltr'>Deiphobus</span> <span class='ocrx_word' id='word_1_124' title='bbox 315 867 454 894; x_wconf 82' lang='lat' dir='ltr'>contra:</span> <span class='ocrx_word' id='word_1_125' title='bbox 481 864 499 878; x_wconf 89' lang='grc'>“</span> <span class='ocrx_word' id='word_1_126' title='bbox 513 860 564 893; x_wconf 88' lang='lat' dir='ltr'>Ne</span> <span class='ocrx_word' id='word_1_127' title='bbox 581 861 671 902; x_wconf 84' lang='lat' dir='ltr'>saevi,</span> <span class='ocrx_word' id='word_1_128' title='bbox 688 871 815 902; x_wconf 85' lang='lat' dir='ltr'>magna</span> <span class='ocrx_word' id='word_1_129' title='bbox 832 858 1012 898; x_wconf 82' lang='lat' dir='ltr'>saeerdos;</span> 
     </span>
     <span class='ocr_line' id='line_1_20' title="bbox 96 884 1044 949; baseline -0.003 -10"><span class='ocrx_word' id='word_1_130' title='bbox 96 906 288 947; x_wconf 86' lang='lat' dir='ltr'>Discedam,</span> <span class='ocrx_word' id='word_1_131' title='bbox 306 905 451 949; x_wconf 80' lang='lat' dir='ltr'>explebo</span> <span class='ocrx_word' id='word_1_132' title='bbox 467 917 659 947; x_wconf 84' lang='lat' dir='ltr'>numerum,</span> <span class='ocrx_word' id='word_1_133' title='bbox 676 905 868 948; x_wconf 81' lang='lat' dir='ltr'>reddarque</span> <span class='ocrx_word' id='word_1_134' title='bbox 884 884 1044 938; x_wconf 64' lang='lat' dir='ltr'>tenebris.</span> 
     </span>
     <span class='ocr_line' id='line_1_21' title="bbox 97 948 950 993; baseline -0.004 -8"><span class='ocrx_word' id='word_1_135' title='bbox 97 952 114 985; x_wconf 96' lang='lat' dir='ltr'>I</span> <span class='ocrx_word' id='word_1_136' title='bbox 131 952 272 993; x_wconf 83' lang='lat' dir='ltr'>decus,</span> <span class='ocrx_word' id='word_1_137' title='bbox 262 963 284 993; x_wconf 87' lang='lat'>1,</span> <span class='ocrx_word' id='word_1_138' title='bbox 301 955 483 992; x_wconf 79' lang='lat' dir='ltr'>nostr3um</span> <span class='ocrx_word' id='word_1_139' title='bbox 506 950 704 984; x_wconf 88' lang='lat' dir='ltr'>melioribus</span> <span class='ocrx_word' id='word_1_140' title='bbox 721 954 817 983; x_wconf 88' lang='lat' dir='ltr'>utere</span> <span class='ocrx_word' id='word_1_141' title='bbox 834 948 950 982; x_wconf 54' lang='lat' dir='ltr'>fatisst’</span> 
     </span>
     <span class='ocr_line' id='line_1_22' title="bbox 92 978 906 1038; baseline -0.005 -8"><span class='ocrx_word' id='word_1_142' title='bbox 92 997 243 1030; x_wconf 72' lang='lat' dir='ltr'>Tantum</span> <span class='ocrx_word' id='word_1_143' title='bbox 259 978 392 1038; x_wconf 61' lang='lat' dir='ltr'>e&#39;ffatus,</span> <span class='ocrx_word' id='word_1_144' title='bbox 409 999 444 1028; x_wconf 85' lang='lat' dir='ltr'>et</span> <span class='ocrx_word' id='word_1_145' title='bbox 461 995 498 1027; x_wconf 89' lang='lat' dir='ltr'>in</span> <span class='ocrx_word' id='word_1_146' title='bbox 515 994 616 1027; x_wconf 87' lang='lat' dir='ltr'>verbo</span> <span class='ocrx_word' id='word_1_147' title='bbox 633 994 780 1037; x_wconf 84' lang='lat' dir='ltr'>vestigia</span> <span class='ocrx_word' id='word_1_148' title='bbox 796 993 906 1027; x_wconf 87' lang='lat' dir='ltr'>torsit</span> 
     </span>
     <span class='ocr_line' id='line_1_23' title="bbox 138 1038 968 1086; baseline -0.005 -11"><span class='ocrx_word' id='word_1_149' title='bbox 138 1042 292 1086; x_wconf 82' lang='lat' dir='ltr'>Respicit</span> <span class='ocrx_word' id='word_1_150' title='bbox 308 1041 434 1074; x_wconf 84' lang='lat' dir='ltr'>AEneas</span> <span class='ocrx_word' id='word_1_151' title='bbox 452 1039 576 1081; x_wconf 85' lang='lat' dir='ltr'>subito,</span> <span class='ocrx_word' id='word_1_152' title='bbox 593 1043 628 1072; x_wconf 83' lang='lat' dir='ltr'>et</span> <span class='ocrx_word' id='word_1_153' title='bbox 645 1038 709 1072; x_wconf 89' lang='lat' dir='ltr'>sub</span> <span class='ocrx_word' id='word_1_154' title='bbox 724 1050 811 1083; x_wconf 89' lang='lat' dir='ltr'>rupe</span> <span class='ocrx_word' id='word_1_155' title='bbox 828 1039 968 1072; x_wconf 82' lang='lat' dir='ltr'>sinistra</span> 
     </span>
     <span class='ocr_line' id='line_1_24' title="bbox 91 1084 942 1129; baseline -0.005 -8"><span class='ocrx_word' id='word_1_156' title='bbox 91 1087 222 1121; x_wconf 85' lang='lat' dir='ltr'>Moenia</span> <span class='ocrx_word' id='word_1_157' title='bbox 238 1087 310 1120; x_wconf 86' lang='lat' dir='ltr'>lata</span> <span class='ocrx_word' id='word_1_158' title='bbox 327 1086 431 1128; x_wconf 85' lang='lat' dir='ltr'>videt,</span> <span class='ocrx_word' id='word_1_159' title='bbox 449 1085 579 1129; x_wconf 86' lang='lat' dir='ltr'>triplici</span> <span class='ocrx_word' id='word_1_160' title='bbox 596 1084 810 1118; x_wconf 79' lang='lat' dir='ltr'>circumdata</span> <span class='ocrx_word' id='word_1_161' title='bbox 826 1095 942 1117; x_wconf 83' lang='lat' dir='ltr'>muro:</span> 
     </span>
     <span class='ocr_line' id='line_1_25' title="bbox 93 1129 1203 1176; baseline -0.005 -10"><span class='ocrx_word' id='word_1_162' title='bbox 93 1133 177 1174; x_wconf 84' lang='lat' dir='ltr'>Quae</span> <span class='ocrx_word' id='word_1_163' title='bbox 193 1133 335 1176; x_wconf 85' lang='lat' dir='ltr'>rapidus</span> <span class='ocrx_word' id='word_1_164' title='bbox 351 1131 498 1164; x_wconf 85' lang='lat' dir='ltr'>flammis</span> <span class='ocrx_word' id='word_1_165' title='bbox 516 1130 625 1163; x_wconf 85' lang='lat' dir='ltr'>ambit</span> <span class='ocrx_word' id='word_1_166' title='bbox 641 1129 852 1163; x_wconf 82' lang='lat' dir='ltr'>torrentibus</span> <span class='ocrx_word' id='word_1_167' title='bbox 869 1129 981 1163; x_wconf 80' lang='lat' dir='ltr'>amnis</span> <span class='ocrx_word' id='word_1_168' title='bbox 1137 1131 1203 1161; x_wconf 83' lang='lat'>550</span> 
     </span>
     <span class='ocr_line' id='line_1_26' title="bbox 91 1175 1030 1229; baseline -0.005 -17"><span class='ocrx_word' id='word_1_169' title='bbox 91 1179 274 1212; x_wconf 83' lang='lat' dir='ltr'>Tartareus</span> <span class='ocrx_word' id='word_1_170' title='bbox 291 1176 517 1229; x_wconf 78' lang='lat' dir='ltr'>Phlegethon,</span> <span class='ocrx_word' id='word_1_171' title='bbox 535 1179 744 1218; x_wconf 87' lang='lat' dir='ltr'>torquetque</span> <span class='ocrx_word' id='word_1_172' title='bbox 761 1175 920 1208; x_wconf 87' lang='lat' dir='ltr'>sonantia</span> <span class='ocrx_word' id='word_1_173' title='bbox 937 1184 1030 1207; x_wconf 83' lang='lat' dir='ltr'>saxa</span> 
     </span>
     <span class='ocr_line' id='line_1_27' title="bbox 91 1219 1112 1265; baseline -0.005 -8"><span class='ocrx_word' id='word_1_174' title='bbox 91 1223 196 1257; x_wconf 85' lang='lat' dir='ltr'>Porta</span> <span class='ocrx_word' id='word_1_175' title='bbox 212 1224 364 1265; x_wconf 85' lang='lat' dir='ltr'>adversa,</span> <span class='ocrx_word' id='word_1_176' title='bbox 381 1223 512 1264; x_wconf 85' lang='lat' dir='ltr'>ingens,</span> <span class='ocrx_word' id='word_1_177' title='bbox 531 1221 706 1264; x_wconf 86' lang='lat' dir='ltr'>solidoque</span> <span class='ocrx_word' id='word_1_178' title='bbox 723 1220 908 1254; x_wconf 83' lang='lat' dir='ltr'>adamante</span> <span class='ocrx_word' id='word_1_179' title='bbox 926 1219 1112 1253; x_wconf 82' lang='lat' dir='ltr'>columnae:</span> 
     </span>
     <span class='ocr_line' id='line_1_28' title="bbox 93 1265 960 1309; baseline -0.006 -7"><span class='ocrx_word' id='word_1_180' title='bbox 93 1269 154 1301; x_wconf 90' lang='lat' dir='ltr'>Vis</span> <span class='ocrx_word' id='word_1_181' title='bbox 172 1273 212 1302; x_wconf 89' lang='lat' dir='ltr'>ut</span> <span class='ocrx_word' id='word_1_182' title='bbox 228 1269 326 1301; x_wconf 91' lang='lat' dir='ltr'>nulla</span> <span class='ocrx_word' id='word_1_183' title='bbox 342 1268 466 1309; x_wconf 75' lang='lat' dir='ltr'>virum,</span> <span class='ocrx_word' id='word_1_184' title='bbox 483 1277 553 1299; x_wconf 90' lang='lat' dir='ltr'>non</span> <span class='ocrx_word' id='word_1_185' title='bbox 569 1266 636 1309; x_wconf 89' lang='lat' dir='ltr'>ipsi</span> <span class='ocrx_word' id='word_1_186' title='bbox 653 1265 853 1298; x_wconf 85' lang='lat' dir='ltr'>exscindere</span> <span class='ocrx_word' id='word_1_187' title='bbox 870 1266 960 1298; x_wconf 87' lang='lat' dir='ltr'>ferro</span> 
     </span>
     <span class='ocr_line' id='line_1_29' title="bbox 92 1310 997 1350; baseline -0.006 -3"><span class='ocrx_word' id='word_1_188' title='bbox 92 1314 260 1348; x_wconf 82' lang='lat' dir='ltr'>Coelicolae</span> <span class='ocrx_word' id='word_1_189' title='bbox 277 1313 425 1346; x_wconf 82' lang='lat' dir='ltr'>valeant</span> <span class='ocrx_word' id='word_1_190' title='bbox 467 1311 544 1344; x_wconf 82' lang='lat' dir='ltr'>Stat</span> <span class='ocrx_word' id='word_1_191' title='bbox 561 1311 672 1344; x_wconf 87' lang='lat' dir='ltr'>ferrea</span> <span class='ocrx_word' id='word_1_192' title='bbox 688 1310 793 1343; x_wconf 86' lang='lat' dir='ltr'>turris</span> <span class='ocrx_word' id='word_1_193' title='bbox 811 1310 855 1343; x_wconf 84' lang='lat' dir='ltr'>ad</span> <span class='ocrx_word' id='word_1_194' title='bbox 872 1321 935 1343; x_wconf 76' lang='lat' dir='ltr'>aui·</span> <span class='ocrx_word' id='word_1_195' title='bbox 936 1321 997 1350; x_wconf 85' lang='lat' dir='ltr'>as;</span> 
     </span>
     <span class='ocr_line' id='line_1_30' title="bbox 91 1355 964 1403; baseline -0.005 -11"><span class='ocrx_word' id='word_1_196' title='bbox 91 1359 344 1403; x_wconf 80' lang='lat' dir='ltr'>Tisiphoneque</span> <span class='ocrx_word' id='word_1_197' title='bbox 361 1357 490 1398; x_wconf 83' lang='lat' dir='ltr'>sedens,</span> <span class='ocrx_word' id='word_1_198' title='bbox 507 1356 601 1400; x_wconf 86' lang='lat' dir='ltr'>palla</span> <span class='ocrx_word' id='word_1_199' title='bbox 618 1355 794 1389; x_wconf 81' lang='lat' dir='ltr'>succincta</span> <span class='ocrx_word' id='word_1_200' title='bbox 811 1359 964 1397; x_wconf 80' lang='lat' dir='ltr'>cruenta,</span> 
     </span>
     <span class='ocr_line' id='line_1_31' title="bbox 92 1400 996 1444; baseline -0.007 -6"><span class='ocrx_word' id='word_1_201' title='bbox 92 1404 312 1438; x_wconf 87' lang='lat' dir='ltr'>Vestibulum</span> <span class='ocrx_word' id='word_1_202' title='bbox 329 1402 501 1436; x_wconf 84' lang='lat' dir='ltr'>exsomnis</span> <span class='ocrx_word' id='word_1_203' title='bbox 518 1405 631 1435; x_wconf 84' lang='lat' dir='ltr'>servat</span> <span class='ocrx_word' id='word_1_204' title='bbox 647 1404 832 1444; x_wconf 81' lang='lat' dir='ltr'>noctesque</span> <span class='ocrx_word' id='word_1_205' title='bbox 849 1400 996 1443; x_wconf 88' lang='lat' dir='ltr'>diesque.</span> 
     </span>
     <span class='ocr_line' id='line_1_32' title="bbox 91 1447 832 1491; baseline -0.007 -8"><span class='ocrx_word' id='word_1_206' title='bbox 91 1450 185 1483; x_wconf 87' lang='lat' dir='ltr'>Hinc</span> <span class='ocrx_word' id='word_1_207' title='bbox 202 1449 361 1483; x_wconf 84' lang='lat' dir='ltr'>exaudiri</span> <span class='ocrx_word' id='word_1_208' title='bbox 377 1447 537 1491; x_wconf 83' lang='lat' dir='ltr'>gemitus,</span> <span class='ocrx_word' id='word_1_209' title='bbox 554 1451 589 1480; x_wconf 87' lang='lat' dir='ltr'>et</span> <span class='ocrx_word' id='word_1_210' title='bbox 606 1457 696 1480; x_wconf 85' lang='lat' dir='ltr'>saeva</span> <span class='ocrx_word' id='word_1_211' title='bbox 713 1457 832 1479; x_wconf 86' lang='lat' dir='ltr'>sonare</span> 
     </span>
     <span class='ocr_line' id='line_1_33' title="bbox 92 1492 981 1534; baseline -0.007 -5"><span class='ocrx_word' id='word_1_212' title='bbox 92 1495 262 1534; x_wconf 87' lang='lat' dir='ltr'>Verbera,</span> <span class='ocrx_word' id='word_1_213' title='bbox 287 1499 364 1527; x_wconf 89' lang='lat' dir='ltr'>tum</span> <span class='ocrx_word' id='word_1_214' title='bbox 381 1493 506 1526; x_wconf 88' lang='lat' dir='ltr'>stridor</span> <span class='ocrx_word' id='word_1_215' title='bbox 522 1492 614 1534; x_wconf 86' lang='lat' dir='ltr'>ferri,</span> <span class='ocrx_word' id='word_1_216' title='bbox 631 1494 823 1534; x_wconf 82' lang='lat' dir='ltr'>tractaeque</span> <span class='ocrx_word' id='word_1_217' title='bbox 840 1496 981 1524; x_wconf 86' lang='lat' dir='ltr'>catenae.</span> 
     </span>
     <span class='ocr_line' id='line_1_34' title="bbox 92 1535 1026 1581; baseline -0.006 -7"><span class='ocrx_word' id='word_1_218' title='bbox 92 1540 256 1574; x_wconf 84' lang='lat' dir='ltr'>Constitit</span> <span class='ocrx_word' id='word_1_219' title='bbox 273 1540 409 1577; x_wconf 85' lang='lat' dir='ltr'>AEneas,</span> <span class='ocrx_word' id='word_1_220' title='bbox 427 1538 680 1581; x_wconf 75' lang='lat' dir='ltr'>strepitumque</span> <span class='ocrx_word' id='word_1_221' title='bbox 696 1537 883 1569; x_wconf 84' lang='lat' dir='ltr'>exterlitus</span> <span class='ocrx_word' id='word_1_222' title='bbox 899 1535 1026 1569; x_wconf 81' lang='lat' dir='ltr'>hausit.</span> 
     </span>
     <span class='ocr_line' id='line_1_35' title="bbox 93 1581 1207 1626; baseline 0.001 -11"><span class='ocrx_word' id='word_1_223' title='bbox 93 1585 110 1601; x_wconf 76' lang='lat'>‘⁶</span> <span class='ocrx_word' id='word_1_224' title='bbox 125 1584 211 1622; x_wconf 87' lang='lat' dir='ltr'>Quae</span> <span class='ocrx_word' id='word_1_225' title='bbox 228 1582 395 1615; x_wconf 81' lang='lat' dir='ltr'>scelerum</span> <span class='ocrx_word' id='word_1_226' title='bbox 410 1581 516 1614; x_wconf 86' lang='lat' dir='ltr'>facies</span> <span class='ocrx_word' id='word_1_227' title='bbox 529 1581 542 1614; x_wconf 73' lang='lat'><em>2</em></span> <span class='ocrx_word' id='word_1_228' title='bbox 566 1592 585 1614; x_wconf 92' lang='lat'>0</span> <span class='ocrx_word' id='word_1_229' title='bbox 599 1583 708 1626; x_wconf 82' lang='lat' dir='ltr'>virge,</span> <span class='ocrx_word' id='word_1_230' title='bbox 726 1581 848 1615; x_wconf 85' lang='lat' dir='ltr'>effare:</span> <span class='ocrx_word' id='word_1_231' title='bbox 874 1581 1042 1625; x_wconf 83' lang='lat' dir='ltr'>quibusve</span> <span class='ocrx_word' id='word_1_232' title='bbox 1139 1583 1207 1616; x_wconf 88' lang='lat'>560</span> 
     </span>
     <span class='ocr_line' id='line_1_36' title="bbox 92 1626 1036 1671; baseline -0.001 -10"><span class='ocrx_word' id='word_1_233' title='bbox 92 1629 269 1671; x_wconf 84' lang='lat' dir='ltr'>Urgentur</span> <span class='ocrx_word' id='word_1_234' title='bbox 284 1628 394 1671; x_wconf 85' lang='lat' dir='ltr'>poenis</span> <span class='ocrx_word' id='word_1_235' title='bbox 410 1626 422 1659; x_wconf 77' lang='lat'>2</span> <span class='ocrx_word' id='word_1_236' title='bbox 449 1626 510 1669; x_wconf 89' lang='lat' dir='ltr'>qui</span> <span class='ocrx_word' id='word_1_237' title='bbox 527 1630 645 1660; x_wconf 82' lang='lat' dir='ltr'>tantus</span> <span class='ocrx_word' id='word_1_238' title='bbox 662 1627 808 1670; x_wconf 85' lang='lat' dir='ltr'>plangor</span> <span class='ocrx_word' id='word_1_239' title='bbox 822 1627 866 1660; x_wconf 88' lang='lat' dir='ltr'>ad</span> <span class='ocrx_word' id='word_1_240' title='bbox 884 1638 984 1660; x_wconf 82' lang='lat' dir='ltr'>auras</span> <span class='ocrx_word' id='word_1_241' title='bbox 1001 1626 1036 1660; x_wconf 76' lang='grc' dir='ltr'>’.ὶ”</span> 
     </span>
     <span class='ocr_line' id='line_1_37' title="bbox 93 1672 1068 1716; baseline 0 -10"><span class='ocrx_word' id='word_1_242' title='bbox 93 1673 181 1706; x_wconf 80' lang='lat' dir='ltr'>Tum</span> <span class='ocrx_word' id='word_1_243' title='bbox 197 1676 294 1706; x_wconf 85' lang='lat' dir='ltr'>vates</span> <span class='ocrx_word' id='word_1_244' title='bbox 310 1673 358 1705; x_wconf 86' lang='lat' dir='ltr'>sic</span> <span class='ocrx_word' id='word_1_245' title='bbox 375 1683 450 1705; x_wconf 83' lang='lat' dir='ltr'>orsa</span> <span class='ocrx_word' id='word_1_246' title='bbox 466 1672 583 1715; x_wconf 90' lang='lat' dir='ltr'>loqui:</span> <span class='ocrx_word' id='word_1_247' title='bbox 610 1673 723 1705; x_wconf 86' lang='lat' dir='ltr'>“Dux</span> <span class='ocrx_word' id='word_1_248' title='bbox 740 1672 869 1716; x_wconf 85' lang='lat' dir='ltr'>inclyte</span> <span class='ocrx_word' id='word_1_249' title='bbox 886 1672 1068 1715; x_wconf 83' lang='lat' dir='ltr'>Teucrum,</span> 
     </span>
     <span class='ocr_line' id='line_1_38' title="bbox 94 1717 911 1759; baseline 0 -8"><span class='ocrx_word' id='word_1_250' title='bbox 94 1718 191 1751; x_wconf 90' lang='lat' dir='ltr'>Nulli</span> <span class='ocrx_word' id='word_1_251' title='bbox 209 1718 260 1752; x_wconf 88' lang='lat' dir='ltr'>fas</span> <span class='ocrx_word' id='word_1_252' title='bbox 278 1721 371 1752; x_wconf 83' lang='lat' dir='ltr'>casto</span> <span class='ocrx_word' id='word_1_253' title='bbox 389 1717 592 1752; x_wconf 86' lang='lat' dir='ltr'>sceleratum</span> <span class='ocrx_word' id='word_1_254' title='bbox 607 1717 764 1752; x_wconf 85' lang='lat' dir='ltr'>insistere</span> <span class='ocrx_word' id='word_1_255' title='bbox 780 1718 886 1752; x_wconf 87' lang='lat' dir='ltr'>limen</span> <span class='ocrx_word' id='word_1_256' title='bbox 902 1730 911 1759; x_wconf 78' lang='lat'>3</span> 
     </span>
    </p>
   </div>
  </div>
 </body>
</html>
