1345 1927
131 84 194 116 162
415 82 452 115 P.
479 81 682 116 VIRGILII
709 81 923 116 MARONIS

128 146 197 180 Seu
214 151 351 191 terram,
367 147 488 191 rapido
506 148 637 192 pariter
655 159 734 180 cum
752 147 892 180 flamine
909 150 1061 191 portant.

128 192 217 225 Tum
235 193 368 237 virgam
386 194 480 238 capit
496 206 504 234 ;
530 194 594 226 hac
611 194 745 226 animas
763 193 821 226 ille
839 197 960 226 evocat
978 192 1064 226 Orco

128 237 313 282 Pallentes,
331 239 416 272 alias
435 238 498 272 sub
515 239 660 272 Tartara
678 239 793 272 tristia
809 238 922 272 mittit
937 251 945 279 ;

128 283 198 317 Dat
215 295 350 318 somnos
366 285 570 328 adimitque,
588 289 623 318 et
640 285 775 318 lumina
791 289 901 317 morte
919 284 1072 328 resignat
1086 295 1094 318 τ

130 329 197 363 Illa
213 330 325 364 fretus
341 331 417 374 agit
434 335 564 373 ventos,
583 335 618 363 et
636 330 776 363 turbida
793 334 912 363 tranat

128 374 267 409 Nubila.
317 375 468 420 Jamque
486 376 606 409 volans
623 377 756 420 apicem
774 380 809 409 et
826 375 937 409 latera
954 375 1064 409 ardua
1081 375 1193 409 cernit

129 420 284 455 Atlantis
301 421 390 465 duri,
407 421 533 455 coelum
550 422 610 465 qui
628 422 756 455 vertice
773 421 934 464 fulcit,—

128 467 294 510 Atlantis,
312 468 466 500 cinctum
483 467 620 501 assidue
637 468 693 500 cui
711 467 861 500 nubibus
878 467 963 500 atris

129 511 324 545 Piniferum
342 517 448 556 caput
466 517 501 546 et
518 517 621 546 vento
638 513 799 557 pulsatur
816 516 851 546 et
869 513 969 545 imbri
986 524 994 553 ;

128 557 199 590 Nix
218 558 378 591 humeros
396 558 512 591 infusa
530 559 618 601 tegit
633 570 639 591 :
665 562 743 591 tum
761 558 906 591 flumina
922 563 1040 592 mento
1181 560 1250 592 250

128 602 356 647 Praecipitant
374 603 474 646 senis,
492 607 527 637 et
544 604 654 647 glacie
671 604 762 647 riget
779 603 918 636 horrida
934 603 1052 637 barba.

129 648 197 682 Hic
215 649 367 692 primum
385 649 526 693 paribus
542 649 658 682 nitens
677 649 853 693 Cyllenius
871 649 934 682 alis

128 694 292 728 Constitit
307 707 315 735 ;
339 695 422 728 hinc
440 699 512 728 toto
530 697 681 739 praeceps
700 706 735 728 se
752 706 891 739 corpore
908 695 951 728 ad
969 694 1082 728 undas

128 739 236 783 Misit,
254 741 312 774 avi
329 741 459 784 similis,
478 752 554 783 quae
573 741 703 774 circum
720 740 831 783 litora,
850 741 980 774 circum

127 785 280 819 Piscosos
299 786 463 830 scopuIOS‚
481 786 624 819 humilis
642 786 736 820 volat
753 797 891 830 aequora
902 787 1018 830 juxta.

127 831 250 876 [Haud
268 832 370 865 aliter
387 836 496 865 terras
513 832 604 865 inter
621 832 816 875 coelumque
833 832 982 875 volabat,

127 877 228 911 Litus
245 888 426 911 arenosum
444 878 562 921 Libyae
579 882 770 922 ventosque
788 878 926 911 secabat

126 921 288 957 Materno
306 923 446 957 veniens
464 923 507 957 ab
524 935 589 957 avo
607 924 765 967 Cyllenia
781 922 920 968 proles]

128 968 177 1002 Ut
194 969 346 1013 primum
363 969 466 1002 alatis
482 969 602 1013 tetigit
618 969 770 1013 magalia
787 970 928 1014 plantis,

127 1014 262 1048 AEnean
279 1015 488 1048 fundantem
505 1026 599 1048 arces
616 1026 656 1049 ac
673 1019 766 1049 tecta
783 1019 971 1049 novantem
1179 1017 1248 1049 260

127 1060 325 1104 Conspicit:
351 1064 456 1104 atque
473 1060 525 1093 illi
543 1061 701 1094 stellatus
719 1061 850 1105 iaspide
868 1061 966 1094 fulva

127 1105 228 1139 Ensis
246 1110 329 1149 erat,
348 1106 522 1150 Tyrioque
539 1106 682 1140 ardebat
698 1107 830 1140 murice
848 1107 946 1149 laena,

125 1151 284 1185 Demissa
301 1163 344 1185 ex
361 1152 514 1185 humeris
529 1165 537 1193 ;
563 1152 658 1185 dives
676 1164 754 1196 quae
770 1164 917 1186 munera
933 1152 1025 1185 Dido

126 1197 280 1241 Fecerat,
299 1202 334 1231 et
351 1198 450 1230 tenui
466 1197 554 1230 telas
572 1198 781 1231 discreverat
798 1210 891 1231 auro.

127 1243 299 1276 Continuo
316 1243 453 1276 invadit
468 1255 474 1276 :
498 1245 516 1262 “
528 1243 580 1277 Tu
599 1255 694 1276 nunc
712 1243 933 1287 Carthaginis
950 1245 1032 1279 altae

126 1287 372 1322 Fundamenta
388 1289 488 1331 locas,
506 1288 756 1333 pulchramque
774 1289 917 1322 uxorius
934 1289 1057 1322 urbem

125 1333 288 1368 Exstruis
304 1334 316 1368 2
341 1335 411 1368 heu
427 1335 525 1378 regni
542 1346 727 1379 rerumque
743 1333 849 1368 oblite
866 1339 1008 1368 tuarum
1023 1335 1030 1369 Ξ

126 1380 206 1424 Ipse
223 1379 328 1413 desim
345 1380 411 1413 tibi
427 1392 482 1413 me
500 1380 591 1414 claro
609 1380 764 1414 demittit
782 1380 930 1425 Olympo

126 1425 312 1470 Regnator,
330 1426 455 1459 coelum
473 1430 508 1459 et
525 1430 634 1459 terras
651 1426 712 1471 qui
729 1427 872 1460 numine
890 1429 1028 1470 torquet
1042 1437 1051 1467 3

126 1471 205 1515 Ipse
221 1472 294 1505 haec
311 1472 400 1505 ferre
412 1472 514 1516 jubet
532 1472 657 1505 celeres
674 1472 841 1505 mandata
857 1484 918 1516 per
934 1483 1036 1505 auras
1050 1484 1056 1506 :
1179 1472 1248 1506 270

126 1517 218 1558 Quid
235 1518 340 1551 struis
354 1518 367 1551 2
393 1521 454 1550 aut
472 1529 542 1561 qua
559 1529 618 1562 spe
635 1517 772 1561 Libycis
790 1518 872 1551 teris
889 1518 960 1552 otia
976 1517 1077 1551 terris
1091 1516 1104 1551 ‘l

124 1562 161 1596 Si
179 1566 214 1596 te
230 1563 330 1597 nulla
346 1567 463 1597 movet
481 1567 660 1597 tantarum
677 1564 788 1607 gloria
803 1575 929 1606 rerum,

124 1608 158 1641 N
160 1620 197 1641 ec
215 1620 318 1653 super
334 1609 407 1653 ipse
425 1613 488 1642 tua
503 1609 634 1642 moliris
651 1609 755 1642 laude
772 1609 934 1651 laborem,

123 1653 314 1688 Ascanium
332 1658 542 1698 surgentem,
561 1659 596 1688 et
614 1666 689 1699 spes
706 1655 843 1688 heredis
861 1655 931 1688 Iuli

125 1698 270 1744 Respice
285 1713 293 1741 ;
319 1701 375 1734 cui
393 1712 540 1744 regnum
558 1700 671 1734 Italioe
691 1700 914 1745 Romanaque
932 1699 1037 1734 tellus

123 1743 336 1779 Debentur.³⁷
385 1745 465 1778 Tali
483 1745 660 1786 Cyllenius
678 1757 736 1780 ore
753 1746 890 1780 locutus
