1345 1927
138 49 205 81 320
445 45 482 78 P.
509 43 715 77 VIRGILII
742 41 957 76 MARONIS

139 112 342 146 Muneribus
359 125 367 153 ;
391 115 614 155 maestamque
632 110 785 144 Evandri
803 110 934 154 primus
952 108 996 142 ad
1012 108 1134 142 urbem

138 159 305 192 Mittatur
322 158 447 200 Pallas,
465 168 567 201 quem
585 168 654 189 non
671 156 811 189 virtutis
829 159 988 198 egentem

138 204 295 237 Abstulit
312 207 388 236 atra
405 203 487 245 dics,
505 206 540 236 ct
556 203 678 235 funere
694 201 814 234 mersit
831 198 986 234 acerbo.''

184 249 240 283 Sic
257 250 308 282 ait
325 249 545 291 illacrimans,
562 247 753 291 recipitque
770 246 814 279 ad
832 246 954 278 limina
971 255 1125 289 gressum
1139 255 1146 278 :

138 294 268 339 Corpus
284 295 345 328 ubi
363 294 515 328 exanimi
532 294 683 337 positum
702 292 872 325 Pallantis
891 291 1026 324 Acoetes
1210 291 1256 323 30

137 340 305 374 Servabat
323 340 443 382 senior,
462 339 521 382 qui
541 338 721 372 Parrhasio
740 337 900 370 Evandro
983 336 987 339 ’

137 386 296 429 Armiger
312 389 394 418 ante
410 384 480 418 fuit
495 397 502 424 3
528 385 586 417 sed
603 395 672 416 non
690 382 849 416 felicibus
867 393 964 425 aeque

136 425 225 464 Tum
243 442 354 464 comes
371 430 535 474 auspiciis
553 440 630 462 caro
648 429 750 461 datus
767 428 841 461 ibat
858 427 1007 460 alumno.

137 477 273 510 Circum
291 476 401 510 omnis
417 475 659 518 famulumque
676 485 800 507 manus
817 473 1032 516 Trojanaque
1049 470 1152 506 turba

136 522 182 555 Et
199 526 360 555 maestum
379 521 506 554 Iliades
524 521 654 553 crinem
671 519 713 552 dc
730 530 823 552 more
839 519 972 552 solutae.

138 567 186 601 Ut
203 579 282 601 vero
301 567 427 599 AEneas
444 565 574 598 foribus
592 576 663 598 sese
680 564 803 597 intulit
820 564 910 605 altis,

137 612 323 656 Ingentem
340 612 510 655 gemitum
528 611 640 644 tunsis
658 610 702 643 ad
720 610 832 642 sidera
848 609 979 642 tollunt

136 658 347 701 Pectoribus,
364 660 555 700 maestoque
572 655 736 698 immugit
751 655 847 698 regia
863 654 972 687 luctu.

138 704 217 747 Ipse
235 707 341 748 caput
358 702 451 736 nivei
466 702 598 735 fultum
617 701 787 734 Pallantis
805 704 840 733 et
857 711 916 733 ora

137 749 184 782 Ut
202 749 300 792 vidit,
318 749 455 792 levique
472 751 595 792 patens
612 747 648 779 in
666 750 803 790 pectore
820 745 948 778 vulnus
1206 745 1254 777 40

136 795 295 838 (hispidis
313 794 485 835 Ausoniae,
503 792 654 826 lacrimis
671 792 722 825 ita
738 792 834 824 fatur
851 790 977 824 obortis
991 802 998 824 :

137 835 158 852 ‘⁴
170 836 291 879 'senes‘
310 837 436 880 inquit,
454 838 471 853 “
486 837 681 870 miserande
697 847 792 879 puer,
811 846 920 878 quum
938 836 1019 869 laeta
1039 833 1182 876 veniret,

135 878 269 912 Invidit
285 879 426 912 fortuna
442 879 538 921 mihi,
555 890 600 912 ne
615 890 723 922 regna
739 879 872 912 videres

133 923 270 966 Nostra,
287 935 398 968 neque
415 924 459 957 ad
477 925 572 957 sedes
589 924 699 957 victor
716 924 876 957 veherere
894 928 1056 968 paternas
1070 923 1082 957 2

132 969 212 1002 Non
229 970 302 1003 haec
319 969 480 1003 Evandro
497 970 539 1003 de
556 974 591 1002 te
608 969 774 1013 promissa
790 970 928 1013 parenti

133 1014 320 1048 Discedens
338 1015 500 1048 dederam
515 1027 521 1048 :
547 1026 655 1058 quum
671 1026 727 1048 me
745 1015 945 1058 complexus
962 1018 1103 1048 euntem

132 1060 292 1094 Mitteret
310 1061 346 1093 in
363 1072 529 1104 magnum
547 1060 741 1103 imperium,
759 1064 987 1104 metuensque
1003 1063 1159 1093 moneret

128 1106 237 1142 ,Acres
254 1117 325 1139 esse
342 1106 441 1148 viros,
460 1117 539 1139 cum
557 1105 645 1138 dura
661 1105 783 1149 proelia
799 1109 912 1148 gente.

131 1151 178 1184 Et
195 1163 288 1184 nunc
304 1151 364 1184 ille
381 1152 521 1194 quidem
538 1162 597 1195 spe
612 1151 766 1184 multum
783 1155 906 1195 captus
922 1151 1020 1185 inani

132 1197 216 1230 Fors
233 1201 268 1230 et
284 1200 365 1230 vota
381 1197 477 1239 facit,
495 1196 721 1240 cumulatque
739 1197 864 1230 altaria
881 1197 979 1230 donis
993 1209 1002 1238 3
1203 1198 1250 1230 50

131 1242 201 1275 Nos
214 1243 380 1286 juvenem
398 1242 608 1284 exanimum,
626 1245 661 1275 et
678 1242 728 1275 nil
740 1243 816 1286 jam
833 1242 1029 1276 coelestibus
1045 1241 1127 1275 ullis

132 1287 334 1331 Debentem,
352 1299 441 1321 vano
457 1288 570 1320 maesti
587 1288 793 1321 comitamur
809 1287 946 1322 honore.

133 1333 273 1376 Infelix,
290 1333 366 1366 nati
383 1333 489 1366 sunus
507 1333 644 1366 crudele
662 1333 794 1366 videbis
809 1336 816 1367 ἔ

131 1378 180 1411 Hi
197 1379 305 1412 nostri
322 1378 464 1422 reditus,
481 1378 743 1423 exspectatique
760 1378 957 1423 triumphi?

131 1423 217 1457 Haec
234 1435 311 1458 mea
326 1435 455 1468 magna
472 1424 582 1457 fides?
619 1424 667 1457 At
683 1435 763 1467 non,
781 1424 941 1458 Evandre
967 1423 1139 1468 pudendis

131 1469 341 1503 Vulneribus
358 1470 499 1513 pulsum
516 1469 660 1513 aspicies
676 1481 683 1503 :
708 1481 772 1503 nec
789 1470 915 1514 sospite
957 1470 1047 1502 irum

131 1514 274 1558 Optabis
290 1518 374 1548 nato
389 1515 496 1548 funus
512 1519 620 1559 pater.
669 1515 738 1548 Hei
754 1515 850 1557 mihi,
868 1518 1040 1558 quantum

129 1559 337 1593 Praesidium
354 1560 517 1603 Ausonia,
534 1564 569 1593 et
585 1564 757 1604 quantum
773 1564 813 1593 tu
830 1560 954 1604 perdis,
973 1560 1049 1593 Iule
1062 1557 1093 1594 !''

176 1605 263 1638 Haec
278 1605 340 1639 ubi
357 1605 506 1648 deflevit,
523 1605 600 1638 tolli
616 1605 811 1639 miserabile
828 1616 950 1650 corpus

129 1649 295 1694 Imperat,
311 1654 347 1684 et
363 1655 436 1685 toto
452 1651 559 1685 lectos
576 1662 619 1684 ex
635 1652 775 1695 agmine
790 1651 903 1684 mittit
1200 1651 1243 1684 60

129 1693 229 1729 Mille
246 1696 345 1740 viros,
363 1697 423 1741 qui
439 1707 638 1742 supremum
655 1697 864 1730 comitentur
880 1697 1053 1739 honorem,
