1345 1927
101 77 167 108 166
408 73 446 108 Ρ.
466 72 674 107 VIRGILII
696 72 912 108 MARONIS

101 143 159 186 Et,
179 154 288 187 quum
304 141 433 186 frigida
449 153 540 176 mors
557 142 675 175 anima
692 141 868 175 seduxerit
885 144 993 184 artus,

102 189 271 222 Omnibus
287 188 411 222 umbra
427 188 511 221 locis
528 188 639 221 adero.
654 187 658 190 ’
680 187 798 230 Dabis,
816 187 979 230 improbe,
1000 197 1120 230 poenas
1136 198 1144 228 ;

102 235 265 277 Audiam,
284 239 319 268 et
335 234 409 267 haec
426 245 544 267 manes
562 234 678 267 veniet
695 233 782 266 mihi
799 233 893 266 fama
910 232 973 265 sub
990 232 1103 266 imos?

103 280 169 313 His
185 281 340 314 medium
359 280 461 313 dictis
479 290 670 313 sermonem
687 279 874 322 abrumpit,
892 282 928 311 et
944 289 1046 311 auras

103 326 213 370 AEgra
228 326 332 370 fugit,
350 337 452 369 seque
469 337 513 359 ex
531 325 638 358 oculis
656 325 784 358 avertit
801 329 836 357 et
853 324 979 367 aufert,

104 371 278 416 Linquens
295 371 408 404 multa
424 376 522 404 metu
538 375 763 404 cunctantem
780 375 815 403 ct
831 370 945 403 multa
957 372 1140 413 parantem
1156 369 1226 402 390

106 417 238 451 Dicere.
280 417 485 461 Suscipiunt
500 416 654 460 famulae,
672 416 891 460 collapsaque
908 415 1063 448 membra

105 463 300 497 Marmoreo
316 463 474 496 referunt
491 462 654 505 thalamo,
674 463 860 505 stratisque
878 465 1061 506 reponunt.

153 509 201 542 At
218 509 297 553 pius
314 508 451 551 AEneas,
470 519 681 552 quamquam
697 508 806 541 lenire
823 506 998 541 dolentem

107 554 258 589 Solando
275 554 383 598 cupit,
401 558 436 587 et
453 554 555 587 (lictis
572 558 727 586 avertere
745 564 854 595 curas,

107 601 225 634 Multa
242 611 393 644 gemenS,
409 610 605 643 magnoque
623 599 780 632 animum
796 598 988 631 labefactus
1005 609 1131 639 amore,

108 646 134 680 J
135 657 215 679 ussa
232 650 349 679 tamen
367 645 488 678 divum
504 644 716 689 exsequitur,
734 644 945 687 classemque
960 643 1090 677 revisit.

109 692 200 726 Tum
216 703 296 725 vero
313 691 437 724 Teucri
454 689 674 733 incumbunt,
692 694 727 723 et
743 690 844 723 litore
861 689 968 723 celsas

110 738 301 772 Deducunt
319 742 390 770 toto
406 748 520 770 naves.
561 736 673 769 Natat
691 739 797 769 uncta
814 735 932 769 carina
946 747 955 776 ;

111 784 394 827 Frondentesque
410 783 530 816 ferunt
546 793 656 815 remos
674 787 709 815 et
724 781 847 815 robora
863 781 959 814 silvis

112 829 326 863 Infabricata
342 829 436 872 fugae
454 828 578 862 studio.
1163 826 1234 859 400

112 875 306 919 Migrantes
323 885 451 916 cernas,
470 879 614 917 totaque
631 885 674 907 ex
691 873 776 906 urbe
791 876 933 906 mentes
947 884 956 913 3

113 921 165 955 Ac
182 921 280 954 velut
297 921 476 964 ingentem
492 920 644 953 formicae
661 919 762 952 farris
780 929 943 952 acervum

116 967 232 1008 Quum
249 967 430 1011 populant,
446 966 570 999 hiemis
586 976 762 1007 memoreS,
780 969 941 1007 tectoque
957 967 1149 1007 reponunt:

116 1013 152 1046 It
168 1013 309 1057 nigrum
326 1012 456 1056 campis
473 1023 609 1055 agmen,
627 1011 849 1055 praedamque
866 1021 927 1054 per
943 1009 1066 1043 herbas

116 1059 330 1092 Convectant
347 1058 435 1092 calle
452 1062 600 1101 angusto
616 1070 623 1098 3
648 1068 727 1101 pars
745 1056 891 1100 grandia
909 1056 1060 1089 trudunt

117 1105 264 1139 Obnixae
281 1105 458 1138 frumenta
474 1104 628 1137 humeris
642 1116 650 1144 ;
675 1114 754 1147 pars
772 1102 913 1146 agmina
929 1106 1071 1145 cogunt,

118 1151 368 1194 Castigantque
383 1161 496 1183 moras
512 1162 519 1190 ;
544 1161 645 1193 opere
662 1148 773 1182 omnis
791 1148 914 1181 semita
930 1148 1050 1181 fervet.

120 1197 205 1238 Quis
222 1196 287 1229 tibi
304 1200 399 1239 tunc,
417 1195 517 1238 Dido,
535 1195 691 1228 cernenti
708 1194 794 1227 talia
811 1205 931 1227 sensus
945 1195 952 1227 ἱ

120 1243 256 1284 Quosve
274 1242 380 1275 dabas
396 1241 557 1285 gemitus,
575 1252 684 1285 quum
700 1240 804 1273 litora
819 1240 951 1273 fervere
967 1239 1039 1273 late

124 1288 341 1332 Prospiceres
359 1299 436 1321 arce
453 1299 497 1320 ex
515 1298 658 1329 summa,
676 1290 859 1330 totumque
873 1285 1006 1318 videres
1171 1283 1239 1317 410

122 1334 261 1369 Misceri
279 1338 361 1367 ante
378 1333 493 1367 oculos
511 1333 619 1366 tantis
637 1332 843 1366 clamoribus
860 1332 998 1376 aequor!

126 1379 283 1425 Improbe
300 1391 403 1422 amor,
422 1379 507 1424 quid
523 1391 593 1412 non
609 1378 769 1412 mortalia
786 1382 926 1422 pectora
943 1377 1035 1421 cogis
1049 1378 1057 1411 !

127 1427 180 1461 Ire
197 1427 326 1460 iterum
341 1426 379 1459 in
395 1426 565 1468 lacrimas,
582 1425 710 1458 iterum
727 1428 862 1457 tentare
879 1423 1050 1468 precando

125 1472 278 1516 Cogitur,
296 1477 331 1506 et
348 1471 496 1516 supplex
513 1471 645 1505 animos
663 1470 866 1503 submittere
883 1469 1001 1513 amori,

125 1519 281 1596 Ne‘QUid
297 1519 521 1596 ineizpertum
537 1517 668 1550 frustra
684 1517 854 1569 moritura
869 1515 1056 1568 relinquat.

126 1567 519 1652 nndffla'cg'ssvssssssffi‘}
535 1563 1039 1650 ἓξᾞᾼῗζῖζὲᾝὲἓὲἒᾴεὲἵὲἓέδ,

127 1654 308 1698 Puppibus
325 1659 360 1687 et
376 1654 450 1687 laeti
466 1657 584 1686 nautae
601 1653 794 1697 imposuere
811 1663 962 1686 coronas.

128 1701 234 1734 Hunc
251 1712 313 1744 ego
331 1700 359 1733 si
375 1700 474 1744 potui
491 1703 631 1733 tantum
649 1709 784 1743 sperare
801 1698 961 1740 dolorem,

129 1747 176 1782 Et
191 1746 352 1792 perferre,
369 1757 469 1790 soror,
486 1749 614 1791 potero.
654 1745 793 1779 Miserae
810 1744 874 1779 hoc
891 1748 1009 1779 tamen
1026 1754 1136 1777 unum
1176 1744 1245 1777 420
