1330 1932
281 218 323 252 P.
354 215 620 251 VIRGILII
659 214 939 251 MARONIS

216 349 993 408 AENEIDOS

346 503 535 537 LIBER
575 503 869 545 QUARTUS.

627 623 692 632 -uw-a-

50 693 105 727 ΑΨ
122 695 244 738 regina
259 695 358 739 gravi
370 696 580 740 jamdudum
597 696 713 730 saucia
731 708 814 730 cura

51 739 190 773 Vulnus
207 741 272 774 alit
289 741 394 784 venis,
413 745 448 774 et
465 752 552 775 caeco
570 742 726 785 carpitur
743 742 826 785 igni.

50 784 168 819 Multa
183 786 249 819 viri
266 787 378 820 virtus
395 787 519 829 animo,
538 787 740 830 multusque
756 789 912 820 recursat

52 831 173 864 Gentis
190 831 320 872 honos3
345 832 477 865 haerent
494 814 596 864 11111111
612 836 750 876 pectore
766 832 886 865 vultus

51 876 256 921 Verbaque·
249 903 256 917 ,
281 889 345 910 nec
362 877 536 921 placidam
552 877 716 910 membris
733 877 795 911 dat
813 889 897 911 cura
913 877 1077 921 quietem.

51 921 192 955 Postera
209 922 360 956 Phoebea
376 922 549 956 lustrabat
565 923 728 966 lampade
747 927 867 965 terras,

51 967 332 1012 Humentemque
349 968 483 1001 Aurora
500 969 578 1012 polo
596 968 788 1002 dimoverat
804 968 988 1009 umbram,
980 981 987 988 ·

52 1012 168 1054 Quum
185 1013 232 1047 sic
249 1014 453 1047 unanimam
469 1014 655 1057 alloquitui
675 1014 766 1047 male
784 1026 867 1048 sana
885 1025 1055 1047 sororem·

53 1059 184 1092 ·Anna
200 1069 302 1101 soror,
320 1071 396 1103 quae
413 1071 468 1092 me
485 1069 685 1109 suspensam
702 1058 873 1092 insomnia
890 1061 1043 1093 terrent.
1037 1061 1043 1083 ¹

53 1101 137 1142 Quis
153 1113 263 1135 novus
279 1102 337 1135 hic
352 1102 480 1135 nostris
497 1102 660 1135 successit
677 1101 814 1135 sedibus
828 1102 972 1146 hospes.
966 1103 972 1125 ¹
1129 1101 1172 1133 10

53 1147 164 1188 Quem
180 1158 251 1180 sese
268 1159 324 1181 ore
340 1148 474 1181 ferens.
469 1149 474 1171 ¹
503 1159 609 1191 quam
624 1147 707 1180 sorti
724 1152 862 1192 pectore
879 1151 914 1180 et
931 1146 1054 1180 armis!

53 1192 160 1226 Credo
177 1193 347 1245 equidem,
363 1204 427 1226 nec
444 1204 535 1226 vana
550 1193 645 1234 fides,
663 1204 773 1236 genus
791 1205 841 1226 ess
844 1205 862 1226 e
879 1193 1043 1226 deorum:

52 1237 247 1281 Degeneres
263 1239 396 1272 animos
413 1238 517 1271 timor
533 1220 657 1281 arguit.
699 1239 790 1282 Heu,
808 1238 934 1282 quibus
950 1237 1010 1270 isse

53 1283 79 1317 J
80 1287 218 1316 actatus
234 1284 339 1319 fatis.
333 1287 339 1308 ¹
346 1295 443 1336 ‚⁴1¹³ae
460 1283 552 1317 bella
569 1284 740 1317 exhausta
757 1283 922 1318 canebat*

54 1328 90 1362 Si
106 1329 194 1362 mihi
210 1340 280 1362 non
297 1329 413 1362 animo
430 1329 541 1362 fixum
557 1329 809 1381 immotumque
827 1329 970 1371 sederet,

52 1374 106 1407 Ne
124 1374 181 1407 cui
196 1386 252 1408 me
268 1375 383 1408 vinclo
400 1375 525 1407 vellem
543 1375 670 1408 sociare
682 1374 809 1418 jugali,

54 1419 244 1463 Postquam
260 1421 391 1464 primus
409 1418 505 1453 ar‘nor
521 1420 701 1463 deceptam
717 1425 828 1453 morte
844 1419 996 1453 fefellit·
987 1445 997 1461 ,

54 1464 91 1499 Si
107 1477 177 1498 non
193 1470 380 1518 pertaesum
397 1466 545 1499 thalami
561 1466 732 1509 taedaeque
749 1466 882 1508 fuisset,

54 1511 149 1544 Huic
165 1511 229 1544 uni
245 1511 361 1545 forsan
377 1512 477 1564 potui
494 1511 716 1544 succumbere
733 1512 852 1555 culpae.

54 1556 167 1599 Anna,
184 1557 319 1590 fatebor
335 1558 437 1600 enim,
455 1557 572 1590 miseri
587 1560 665 1601 post
681 1557 756 1590 fata
774 1554 911 1600 Sychaei
1127 1558 1173 1590 20

23 1600 29 1605 ⁴
56 1602 230 1646 Conjugis,
248 1606 283 1636 et
301 1614 432 1647 sparsos
449 1603 604 1636 fraterna
621 1603 715 1635 caede
731 1606 885 1646 penates,

56 1647 155 1681 Solus
172 1648 230 1681 hic
245 1648 383 1682 inflexit
401 1660 529 1690 sensus,
547 1648 772 1691 animumque
788 1648 967 1681 labantem

57 1693 228 1737 Impulit:
254 1705 401 1737 agnosco
418 1694 543 1727 veteris
560 1693 707 1737 vestigia
722 1693 880 1727 flammae.

57 1738 125 1773 Sed
140 1739 228 1773 mihi
244 1740 299 1773 vel
316 1740 421 1774 tellus
438 1743 555 1785 optem
571 1739 668 1785 prius
683 1739 755 1773 ima
771 1739 938 1782 dehiscat,
