1320 1932
397 83 615 117 AENEIDOS
640 83 728 116 LIB.
756 83 856 116 VIII.

72 153 272 195 Addiderat,
291 152 472 196 subitoque
489 163 617 185 novum
634 162 838 194 consurgere
854 149 986 182 bellum

71 198 273 241 Romulidis,
291 198 458 241 Tatioque
475 197 557 239 seni,
576 196 791 240 Curibusque
809 195 942 228 severis.

69 243 152 277 Post
167 244 269 286 idem,
287 244 378 276 inter
395 254 429 276 se
446 242 556 286 posito
573 242 771 284 certamine,
788 252 886 284 reges

68 288 204 322 Armati
221 289 246 322 J
247 289 320 322 ovis
336 292 418 322 ante
434 299 530 321 aram
546 291 751 331 paterasque
768 290 926 320 tenentes

68 333 224 377 Stabant,
242 338 276 367 et
293 345 379 367 caesa
390 333 587 377 jungebant
603 333 734 366 foedera
749 343 862 376 porca.

67 379 174 413 Haud
190 380 310 423 procul
326 379 407 412 inde
425 379 503 412 citae
520 378 657 411 Metum
673 378 711 410 in
728 378 862 411 diversa
879 377 1056 421 quadrigae

66 424 293 468 Distulerant,
311 429 349 458 at
365 428 405 458 tu
421 424 533 467 dictis,
551 423 695 467 Albane,
712 435 867 456 maneres
882 425 888 456 !

67 469 309 514 Raptabatque
326 470 392 504 viri
408 469 583 502 mendacis
599 470 730 502 viscera
747 469 868 501 Tullus

65 514 132 548 Per
148 515 280 558 silvam,
298 519 333 549 et
350 515 458 559 sparsi
473 514 637 548 rorabant
654 515 822 558 sanguine
839 526 969 558 vepres.

64 560 138 594 Nec
154 572 224 594 non
241 561 468 604 Tarquinium
484 562 634 604 eiectum
652 560 802 593 Porsena
814 560 960 603 jubebat

64 606 239 650 Accipere,
256 607 460 650 ingentique
475 605 597 639 urbem
613 605 790 638 obsidione
806 606 985 649 premebat
998 618 1008 648 ;

63 651 231 685 AEneadae
247 652 285 684 in
301 652 432 685 ferrum
448 663 509 695 pro
525 651 686 684 libertate
702 651 858 684 ruebant.

65 697 173 730 Illum
188 697 388 741 indignanti
406 697 562 739 similem,
581 697 796 740 similemque
811 697 962 730 minanti

63 742 242 786 Aspieeres
256 756 265 782 3
290 747 432 787 pontem
448 742 592 776 auderet
609 742 700 785 quod
717 742 843 775 vellere
861 743 986 786 Cocles,

62 787 111 821 Et
126 788 273 822 fluvium
289 789 413 822 vinclis
429 788 567 821 innaret
586 788 706 820 Cloelia
720 788 842 831 ruptis.

63 832 106 866 In
123 845 256 867 summo
273 838 385 867 custos
402 834 556 877 Tarpeiae
573 833 726 866 Manlius
744 833 831 866 arcis

62 878 185 912 Stabat
202 890 262 922 pro
279 879 418 923 templo,
437 882 471 912 et
489 879 659 922 Capitolia
675 879 765 912 celsa
782 879 933 924 tenebat,

61 923 313 968 [Romuleoque
328 936 446 958 recens
463 924 624 958 horrebat
640 925 735 968 regia
752 924 892 969 culmo]

61 969 176 1014 Atque
193 970 250 1003 hic
266 971 396 1004 auratis
413 970 562 1004 volitans
580 974 764 1013 argenteus
781 982 881 1004 anser

61 1014 264 1058 Porticibus,
283 1016 398 1050 Gallos
414 1016 452 1049 in
468 1016 589 1049 limine
605 1016 732 1059 adesse,
750 1016 896 1050 canebat
910 1030 919 1058 ;

61 1060 152 1094 Gaui
167 1073 229 1105 per
245 1062 366 1095 dumos
382 1062 537 1104 aderant,
554 1073 736 1106 arcemque
753 1063 928 1106 tenebant,

59 1105 201 1140 Defensi
217 1107 368 1141 tenebris
385 1112 420 1141 et
438 1108 526 1142 dono
543 1108 654 1141 noctis
672 1119 786 1152 opacae
802 1121 808 1142 :

59 1151 175 1186 Aurea
191 1153 346 1187 caesaries
362 1153 449 1196 ollis,
466 1158 572 1197 atque
589 1165 694 1187 aurea
710 1154 815 1188 vestis
831 1167 838 1194 3

60 1196 212 1241 virgatis
229 1199 349 1232 lucent
366 1199 495 1243 sagulis
509 1212 518 1240 3
543 1203 620 1232 tum
636 1200 748 1233 lactea
767 1200 854 1233 colla

58 1242 153 1277 Auro
169 1244 398 1278 innectuntur
412 1257 420 1285 ;
446 1245 514 1278 duo
531 1245 676 1288 quisque
693 1245 823 1289 Alpina
839 1249 1022 1280 coruscant

59 1288 156 1322 Gaesa
171 1301 288 1332 manu,
306 1291 412 1323 scutis
429 1291 576 1334 protecti
593 1302 734 1334 corpora
750 1291 871 1334 longis.

58 1333 127 1367 Hic
145 1335 362 1368 exsultantes
380 1335 498 1378 Salios,
515 1336 694 1380 nudosque
711 1336 892 1380 Lupercos,

0 1379 1 1387 ¹
56 1379 310 1424 Lanigerosque
327 1382 451 1424 apices,
469 1385 504 1414 et
520 1381 618 1425 lapsa
635 1382 762 1415 ancilia
779 1382 862 1415 coelo

56 1424 253 1459 Extuderat
268 1438 276 1466 3
302 1431 403 1460 castae
420 1426 593 1460 ducebant
611 1438 707 1460 sacra
723 1439 784 1471 per
800 1428 921 1461 urbem

55 1468 202 1504 Pilentis
219 1475 347 1505 matres
364 1472 401 1504 in
417 1472 587 1506 mollibus.
637 1473 730 1506 Hine
747 1474 866 1516 procul
884 1474 982 1507 addit

55 1515 236 1550 Tartareas
253 1517 359 1551 etiam
377 1518 481 1561 sedes,
499 1518 572 1551 alta
588 1518 675 1551 ostia
693 1519 793 1561 Ditis,

54 1559 101 1595 Et
118 1562 284 1595 scelerum
301 1575 428 1606 poena-s,
447 1567 482 1597 et
498 1567 543 1605 te,
561 1564 721 1606 Catilina,
737 1566 866 1599 minaci

54 1605 269 1641 Pendentem
287 1609 435 1652 scopulo,
454 1609 709 1653 Fmiarumque
726 1621 784 1644 ora
801 1615 1018 1656 trementem,

54 1650 275 1697 secretosque
292 1654 365 1698 pios
380 1666 388 1694 ;
412 1655 466 1687 his
485 1655 627 1688 dantem
639 1656 721 1698 jura
738 1656 911 1691 Catonem.

53 1695 140 1731 Haec
156 1699 247 1732 inter
263 1700 391 1733 tumidi
407 1700 478 1733 late
494 1701 598 1734 maris
614 1701 688 1734 ibat
703 1701 818 1745 imago

52 1742 178 1788 Aurea,
196 1745 254 1778 sed
270 1745 382 1779 fluctu
399 1746 607 1790 spumabant
624 1747 751 1782 caerula
768 1759 852 1781 cano
866 1761 876 1790 3

1119 83 1186 116 267

1117 289 1184 320 640

1113 745 1180 777 650

1109 1204 1176 1235 660

1105 1658 1171 1691 670
