1345 1927
139 58 208 90 304
440 53 477 88 P.
504 49 707 88 VIRGILII
734 53 902 88 MARQN
906 53 947 87 IS

142 121 208 154 Ille
225 119 367 164 quidem
383 119 448 153 hoc
465 131 604 165 sperans
619 131 626 153 ε
651 131 733 153 nam
751 119 867 153 Pallas
883 124 966 153 ante
982 123 1153 163 ruentem,

141 166 236 199 Dum
253 166 349 208 furit,
366 165 550 198 incautum
567 165 697 198 crudeli
714 170 825 198 morte
842 165 977 208 sodalis,

141 212 295 256 Excipit,
311 216 421 254 atque
438 222 554 244 ensem
573 211 705 244 tumido
722 211 759 244 in
777 211 941 254 pulmone
957 210 1122 245 recondit.

141 257 237 290 Hinc
254 256 458 290 Sthenelum
474 257 573 300 petit,
591 260 626 289 et
645 256 761 290 Rhoeti
779 256 821 289 de
838 261 942 299 gente
960 260 1098 290 vetusta

141 302 404 345 Anchemolum,
422 301 593 335 thalamos
610 313 734 335 ausum
751 302 920 335 incestare
937 312 1102 335 novercae.

143 348 211 381 Vos
228 349 335 381 etiam
351 347 482 391 gemini
501 348 642 381 Rutulis
659 347 832 380 cecidistis
848 347 885 380 in
902 347 1004 390 arvis,
1188 348 1257 381 390

140 393 284 436 Daucia,
303 393 427 427 Laride
445 393 695 437 Thymberque,
714 393 891 426 simillima
907 392 1030 437 proles,

142 439 337 472 Indiscreta
354 439 424 472 suis
441 443 632 481 gratusque
648 438 850 482 parentibus
867 449 959 471 error
972 451 982 478 ;

142 485 190 518 At
207 495 300 517 nunc
317 484 404 517 dura
422 484 518 517 dedit
536 484 631 517 vobis
648 484 850 516 discrimina
866 483 982 517 Pallas
996 495 1003 517 :

140 530 232 563 Nam
250 529 324 573 tibi,
343 529 525 572 Thymbre,
543 533 649 573 caput
667 529 862 562 Evandrius
879 529 1025 566 abstulit
1041 528 1154 571 ensis5

141 575 188 608 Te
206 575 321 608 decisa
338 586 449 617 suum,
467 574 607 616 Laride,
620 574 764 607 dextera
781 575 914 618 quaerit,

141 621 436 664 Semianimesque
453 620 585 663 micant
601 619 714 663 digiti,
731 620 930 663 ferrumque
946 622 1150 655 retractant.

141 666 294 699 Arcadas
311 677 470 699 accensos
486 665 632 707 monitu,
650 670 685 698 et
702 665 867 713 praeclara
881 669 1019 699 tuentes
1071 669 1074 672 '

142 711 250 745 Facta
267 712 342 754 viri,
359 712 494 745 mixtus
509 711 606 744 dolor
622 715 658 744 et
675 711 786 755 pudor
803 715 915 744 armat
931 711 969 744 in
986 711 1110 746 hostes.

142 758 230 790 Tum
249 757 363 790 Pallas
380 757 510 800 bijugis
526 757 720 799 fugientem
737 756 884 790 Rhoetea
900 760 1024 801 proeter

142 803 295 846 Trajicit.
344 803 420 836 Hoc
438 802 600 846 spatium,
617 806 826 845 tantumque
842 812 946 835 morae
964 801 1034 835 fuit
1052 801 1129 843 Ilo;
1186 801 1258 836 400

143 849 196 882 Ilo
214 859 363 892 namque
380 847 500 892 procul
518 847 671 880 validam
687 847 864 880 direxerat
878 847 1028 890 hastam,

144 894 256 935 Quam
271 893 406 926 medius
425 893 591 926 Rhoeteus
608 893 796 937 intercipit,
815 893 944 937 optime
961 892 1126 936 Teuthra,

142 939 190 972 Te
206 939 354 982 fugiens,
371 938 584 982 fratremque
601 938 714 982 Tyren
727 950 736 979 ;
762 949 936 982 curruque
951 938 1093 972 volutus

143 984 252 1018 Caedit
270 984 480 1017 semianimis
499 983 710 1017 Rutulorum
727 983 879 1017 calcibus
895 994 988 1018 arva.

142 1030 194 1063 Ac
211 1029 318 1072 velut,
335 1034 454 1073 optato
470 1029 583 1063 ventis
600 1033 719 1062 aestate
735 1029 868 1072 coortis,

142 1075 306 1119 Dispersa
322 1075 484 1108 immittit
501 1075 595 1108 silvis
611 1074 773 1108 incendia
790 1079 907 1118 pastor
919 1086 929 1116 ς

143 1121 316 1165 Correptis
333 1120 446 1154 subito
463 1120 596 1163 mediis,
614 1120 818 1153 extenditur
833 1131 906 1154 una

143 1166 295 1200 Horrida
312 1177 373 1210 per
389 1165 477 1199 latos
493 1165 584 1199 acies
602 1165 774 1199 Vulcania
791 1176 928 1209 campos
941 1177 951 1207 ;

144 1211 210 1245 Ille
227 1211 347 1245 sedens
364 1211 474 1244 victor
490 1211 647 1244 flammas
663 1211 842 1255 despectat
858 1214 1022 1246 ovantes:

143 1257 177 1290 N
179 1269 223 1290 on
239 1257 341 1290 aliter
358 1256 488 1290 socium
505 1257 616 1290 virtus
633 1257 702 1290 coit
719 1256 829 1290 omnis
844 1256 883 1289 in
900 1267 1019 1300 unum,
1189 1257 1258 1290 410

145 1303 261 1346 Teque
272 1303 387 1346 juvat,
404 1302 512 1336 Palla.
561 1301 629 1336 Sed
645 1301 744 1335 bellis
761 1313 839 1335 acer
856 1301 1006 1335 Halesus

144 1348 272 1381 Tendit
289 1348 326 1381 in
343 1348 511 1391 adversos,
529 1359 631 1391 seque
647 1348 764 1381 in-sua
779 1347 914 1390 colligit
929 1358 1035 1382 arma.

146 1393 215 1426 Hie
231 1397 364 1427 mactat
382 1393 531 1437 Ladona,
549 1393 775 1437 Pheretaque,
793 1393 1119 1438 Demodocumque:

145 1439 342 1482 Strymonio
360 1439 521 1473 dextram
537 1439 689 1482 fulgenti
706 1439 834 1483 deripit
851 1449 932 1472 ense

145 1484 286 1517 Elatam
301 1485 339 1517 in
351 1485 519 1528 jugulum
533 1497 541 1526 ;
566 1495 649 1518 saxo
665 1485 747 1518 ferit
763 1496 823 1518 ora
839 1483 1017 1528 Thoantis,

147 1530 299 1573 Ossaque
316 1530 478 1574 dispersit
494 1530 630 1564 cerebro
647 1530 821 1574 permixta
837 1533 990 1564 cruento.

147 1575 236 1609 Fata
253 1586 379 1609 canens
396 1576 491 1609 silvis
508 1576 644 1619 genitor
660 1576 790 1609 celarat
807 1575 987 1619 Halesum,

146 1620 195 1654 Ut
212 1621 324 1654 senior
339 1621 409 1654 leto
426 1621 588 1655 canentia
603 1621 738 1655 lumina
753 1621 856 1654 solvit
870 1632 879 1655 :

147 1665 301 1709 Injecere
316 1678 462 1700 manum
478 1666 605 1709 Parcae,
623 1667 770 1711 telisque
787 1669 967 1700 sacrarunt
1306 1669 1309 1675 ⁴

147 1711 311 1746 Evandri.
360 1712 470 1754 Quem
486 1712 535 1748 sic
551 1712 668 1747 Pallas
684 1713 775 1758 petit
790 1716 872 1747 ante
888 1714 1070 1757 precatus:
1189 1711 1260 1745 420
1307 1699 1312 1727 ⁸
1344 1723 1345 1726 ¹
