1330 1932
457 123 676 157 AENEIDOS
700 123 788 157 LIB.
815 122 876 157 VI.
1156 122 1221 154 211

152 188 243 233 Ergo
260 190 328 224 iter
343 190 523 235 inceptum
539 193 722 234 peragunt,
739 189 914 233 fluvioque
930 188 1190 233 propinquant:

104 233 236 268 Navita
252 247 337 279 quos
348 237 425 279 jam
440 236 522 269 inde
538 239 580 268 ut
597 235 719 278 Stygia
735 235 914 279 prospexit
930 235 974 268 ab
990 235 1087 268 unda

105 278 173 312 Per
190 281 339 314 tacitum
355 292 477 314 nemus
493 281 552 323 ire,
570 281 762 324 pedemque
778 280 958 313 advertere
973 280 1069 324 ripae,

105 323 163 358 Sic
179 326 274 369 prior
290 327 493 370 aggreditur
510 326 622 369 dictis,
640 330 746 370 atque
762 326 919 370 increpat-
935 325 1028 358 ultro
1043 337 1050 358 ε

111 371 131 388 “
142 371 303 415 Quisquis
320 383 363 411 eS,
380 376 533 404 armatus
550 372 607 415 qui
626 375 743 404 nostra
760 369 804 401 ad
819 369 965 402 flumina
982 367 1107 408 tendis,

105 413 193 447 Fare
210 426 284 458 age,
302 415 386 459 quid
403 415 520 448 venias
535 427 543 454 ;
563 416 638 458 jam
655 414 770 454 istinc,
787 418 822 447 et
839 413 1025 458 comprime
1042 422 1206 456 gressum.

105 458 317 493 Umbrarum
333 461 390 493 hic
407 460 502 493 locus
519 464 580 502 est,
598 459 717 493 Somni
733 459 922 503 Noctisque
940 470 1068 503 soporae
1082 471 1092 500 3
1155 459 1222 491 390

104 503 254 548 Corpora
270 506 350 539 viva
365 506 462 539 nefas
481 505 602 550 Stygia
618 509 755 538 vectare
772 505 899 538 carina.

102 548 176 582 Nec
192 562 272 584 vero
289 551 436 584 Alciden
452 563 508 584 me
525 563 602 584 sum
619 551 760 584 laetatus
777 554 920 583 euntem

102 594 287 639 Accepisse
304 596 393 640 lacu,
410 608 474 630 nec
492 597 624 630 Thesea
641 596 906 640 Pirithoumque
921 608 930 636 ς

102 639 166 673 Dis
183 652 395 686 quamquam
411 643 533 686 geniti,
551 647 656 686 atque
672 642 797 675 infleti
813 641 945 674 viribus
963 643 1085 675 essent.

103 684 308 720 Tartareum
324 688 384 721 ille
400 699 509 721 manu
526 688 704 721 custodem
720 687 757 720 in
774 687 891 720 vincla
907 687 1044 731 petivit,

104 729 220 774 Ipsius
238 743 259 766 a
276 733 359 767 solio
375 734 466 776 regis
483 734 662 777 traxitque
679 737 884 766 trementem
899 745 905 766 :

107 778 156 811 Hi
173 777 348 811 dominam
364 778 457 811 Ditis
472 778 626 811 thalamo
644 777 811 810 deducere
829 776 974 810 adorti.’‘

106 822 191 863 Quae
208 826 327 856 contra
342 822 491 856 breviter
508 823 579 856 fata
595 826 647 856 est
664 822 873 865 Amphrysia
889 825 985 855 vates
1005 835 1012 857 :

104 869 124 886 “
135 867 250 901 Nullae
266 867 323 901 hic
339 868 473 901 insidiae
490 868 577 902 tales
591 880 598 907 3
623 867 750 900 absiste
766 867 898 900 moveri
914 878 921 906 ;

101 911 135 944 N
137 922 175 945 ec
192 912 265 945 vim
281 912 352 946 tela
368 913 488 946 ferunt
502 925 508 946 :
534 913 618 946 licet
634 913 758 956 ingens
770 912 904 956 janitor
920 915 1021 945 antro
1151 916 1221 947 400

102 956 289 991 AEternum
304 957 437 991 latrans
454 970 649 1002 exsangues
665 961 796 992 terreat
811 957 953 991 umbras
967 970 975 998 ;

103 1002 207 1037 Casta
222 1003 306 1036 licet
322 1005 441 1048 patrui
458 1008 571 1038 servet
588 1004 797 1048 Proserpina
813 1003 932 1036 limen.

101 1047 221 1082 Troias
239 1049 378 1093 AEneas,
395 1049 528 1094 pietate
544 1050 692 1093 insignis
709 1054 744 1083 et
761 1049 875 1092 armis,

101 1094 158 1126 Ad
174 1094 367 1138 genitorem
383 1095 472 1129 imas
488 1095 592 1129 Erebi
610 1095 788 1129 descendit
804 1095 848 1128 ad
865 1094 1015 1129 umbras.

101 1138 139 1172 Si
155 1143 191 1173 te
207 1140 306 1174 nulla
321 1144 438 1174 movet
455 1145 563 1175 tantae
581 1142 723 1186 pietatis
741 1141 865 1184 imago,

101 1185 150 1218 At
166 1197 304 1219 ramum
320 1186 416 1220 hunc
434 1186 563 1231 (aperit
578 1199 706 1229 rarum,
725 1187 785 1230 qui
802 1190 897 1220 veste
913 1185 1062 1229 latebat)

105 1230 307 1272 Agnoscas.”
355 1230 502 1265 'Fumida
517 1243 562 1265 ex
578 1231 630 1265 ira
645 1235 722 1265 tum
739 1231 842 1264 corda
857 1231 1025 1265 residunt.

101 1275 175 1309 Nec
191 1277 294 1320 plura
309 1277 375 1310 his.
415 1278 481 1311 Ille
498 1278 675 1311 admirans
692 1276 889 1310 venerabile
906 1276 1036 1309 donum

103 1321 236 1355 Fatalis
253 1323 371 1366 virgae,
388 1322 492 1367 longo
509 1328 587 1368 post
603 1327 759 1367 tempore
775 1322 899 1365 visum,

103 1367 295 1401 Caeruleam
311 1368 463 1402 advertit
480 1369 637 1413 puppim,
654 1369 808 1412 ripaeque
824 1367 1047 1412 propinquat.
1152 1368 1221 1400 410

103 1412 190 1446 Inde
207 1413 293 1447 alias
310 1414 455 1456 animas,
473 1426 551 1458 quae
567 1426 629 1459 per
640 1416 729 1458 juga
745 1414 849 1457 longa
866 1413 1043 1457 sedebant,

100 1458 285 1503 Deturbat,
303 1459 470 1504 laxatque
486 1461 576 1494 foros
591 1473 598 1495 :
624 1460 728 1493 simu]
745 1460 874 1503 accipit
890 1459 989 1493 alveo

101 1503 287 1548 Ingentem
304 1505 448 1540 AEnean.
491 1506 631 1540 Gemuit
648 1505 712 1539 sub
728 1505 879 1550 pondere
897 1505 1021 1549 cymba

101 1550 235 1594 Sutilis,
253 1555 288 1584 et
304 1551 456 1585 multam
473 1553 609 1597 accepit
624 1552 751 1585 rimosa
767 1551 942 1596 paludem.

100 1595 256 1630 Tandem
272 1601 369 1631 trans
385 1598 534 1632 fluvium
549 1598 734 1632 incolumis
750 1601 938 1642 vatemque
954 1597 1140 1642 virumque

102 1641 251 1676 Informi
266 1643 350 1677 limo
367 1644 562 1688 glaucaque
578 1644 722 1688 exponit
738 1643 776 1677 in
792 1644 884 1678 ulva.

148 1688 313 1723 Cerberus
329 1689 403 1723 haec
420 1690 542 1734 ingens
558 1690 693 1724 latratu
708 1701 817 1733 regna
834 1690 978 1723 trifauci

101 1734 279 1779 Personat,
296 1736 440 1770 adverso
456 1736 626 1770 recubans
644 1736 805 1769 immanis
822 1735 859 1768 in
877 1740 987 1770 antro.

102 1780 167 1815 Cui
184 1785 291 1825 vates,
309 1782 447 1816 horrere
464 1783 585 1816 videns
598 1783 674 1826 jam
691 1782 780 1816 colla
797 1782 956 1817 colubris.
