1320 1932
0 1635 1 1659 1

0 1661 2 1694 l

551 85 684 121 GIRIS.
1115 86 1182 119 397

63 155 206 189 Postera
220 155 284 188 lux
301 154 362 188 ubi
378 154 460 188 laeta
477 154 568 187 diem
584 153 788 187 mortalibus
805 153 947 196 almum,

63 201 110 234 Et
126 201 240 244 gelido
257 200 398 233 veniens
414 200 509 233 mani
526 199 706 243 quatiebat
723 199 766 232 ab
785 199 877 242 OEta,
1114 199 1183 231 350

65 213 176 287 Quegm
191 257 256 290 pav
259 246 326 279 idae
343 245 486 279 alternis
501 245 659 288 fugitant
675 248 869 289 optantque
886 243 1069 288 91101110,-

64 292 273 336 Hesperium
289 291 413 333 vitant,
431 295 555 335 optant
571 290 747 324 ardescere
764 290 879 333 solem,
881 309 927 314 —

64 337 251 381 Praeceptis
267 341 366 381 paret
383 337 480 380 virgo
497 336 653 378 nutricis,
671 343 706 368 et
722 347 839 368 omnes

65 383 226 426 Undique
243 382 418 425 conquirit
434 382 590 414 nubendi
608 381 728 414 sedula
745 392 875 415 causas.
903 400 906 401 ⁷

63 428 260 461 Tentantur
276 428 398 471 patriae
416 427 592 460 submissis
609 427 750 460 vocibus
767 438 876 469 aures,

63 474 336 517 Laudanturque
351 473 450 506 bonae
467 473 561 516 pacis
577 472 667 506 bona
682 485 688 506 :
713 472 846 505 multus
863 472 991 516 ineptae

65 519 220 563 Virginis
237 518 376 552 insolito
394 530 501 551 sermo
518 530 628 551 novus
645 522 736 551 errat
753 519 790 550 in
807 529 873 551 ore.

64 565 97 597 N
99 576 168 598 11110
183 569 330 598 tremere
346 564 510 597 instantis
531 564 611 596 belli
628 564 819 597 certamina
836 563 921 597 dicit

65 610 357 662 Communemque
373 610 495 642 timere
512 609 730 652 (1011111,1111110
746 609 836 653 regis
853 609 989 653 amicos,

66 655 267 699 (Namque'
258 667 310 699 ips
313 666 332 688 ο
348 655 460 688 verita
476 659 528 688 est
545 654 658 688 orbari
673 660 795 688 maesta
811 655 970 699 parente)
1117 659 1184 691 360

66 702 153 734 Cum
169 702 258 735 Jove
276 712 474 734 communes
492 701 551 744 qui
569 701 743 744 quondam
759 700 911 735 habuere
927 706 1093 747 nepote-²23

64 747 98 780 N
101 758 167 780 unc
184 747 290 780 etiam
307 746 454 779 conficta
471 746 548 779 dolo
564 746 746 779 mendacia
762 747 858 790 turpi

65 792 216 835 Invenit,
234 797 269 825 et
286 792 408 825 divum
424 796 532 825 terret
548 791 732 824 formidine
749 792 863 833 cives;

64 838 97 871 N
99 850 168 871 unc
185 819 254 872 alia
270 849 314 870 ex
331 838 416 872 aliis
434 849 498 870 nec
515 838 650 880 desunt,
668 837 783 870 omina
800 839 934 881 quaerit.

66 883 159 924 Quin
175 884 282 917 etiam
299 888 408 916 castos
425 894 511 916 ausa
527 887 578 915 est
596 894 812 926 corrumpere
829 888 936 928 vates,

65 929 124 972 Ut,
141 941 249 973 quum
266 940 352 962 caesa
368 928 425 972 pio
442 928 620 961 cecidisset
637 929 779 961 victima
795 929 894 972 ferro,

64 975 199 1017 Essent,
217 974 277 1019 qui
293 985 460 1018 generum
476 974 596 1007 Minoa
613 973 810 1007 auctoribus
827 975 917 1008 extis

65 1020 91 1055 J
93 1032 231 1064 ungere,
249 1025 284 1053 et
300 1019 470 1063 ancipites
487 1020 672 1053 suaderent
688 1020 809 1053 tollere
825 1032 970 1064 pugnas.

112 1066 160 1099 At
176 1066 308 1108 nutrix,
325 1065 448 1109 patula
465 1076 672 1109 componens
689 1065 823 1098 sulfura
839 1071 940 1109 testa,

65 1111 267 1145 Narcissum
284 1111 480 1154 casiamque
496 1110 620 1143 herbas
636 1110 793 1143 incendit
810 1111 940 1145 olentes
953 1125 963 1153 3
1119 1115 1186 1148 370

66 1157 199 1201 Terque
215 1168 350 1190 novena
366 1156 454 1199 ligat
471 1155 603 1199 triplici
619 1156 754 1189 diversa
771 1156 882 1190 colore

64 1170 165 1243 Fssa13
192 1201 317 1235 “Ter
308 1213 344 1233 111
362 1201 532 1244 810111111111
549 1200 706 1242 mecum,'
710 1201 891 1244 ’inquitff
895 1202 1052 1245 ‘d,espue
1063 1202 1168 1245 virgo,

66 1248 207 1292 Despue
223 1251 286 1290 ter,
303 1247 423 1290 virgo.
448 1257 592 1278 numero
609 1245 720 1278 deus
711 1257 842 1289 impare
859 1247 999 1289 gaudet.

68 1293 154 1327 Inde
171 1293 254 1327 Jovi
270 1293 425 1336 geminat
441 1302 567 1334 magno
584 1291 754 1343 Stygialia
771 1302 875 1334 sacra,

67 1339 171 1372 Sacra
184 1350 248 1371 1100
266 1338 367 1371 Idaeis
385 1337 523 1370 senibus
540 1348 604 1369 nec
621 1337 760 1379 cognita
778 1337 912 1378 Graiis,

69 1384 199 1435 Pergit,
216 1383 392 1427 Amyclaeo
409 1394 572 1426 spargens
585 1382 710 1415 altaria
726 1382 848 1422 thallo,

70 1430 157 1473 Regi
160 1442 175 1462 s
193 1429 349 1463 Iolciacis
366 1429 522 1461 animum
539 1428 686 1470 defigere
703 1428 801 1461 votis.

70 1475 210 1518 Verum,
227 1475 289 1508 ubi
304 1474 403 1507 nulla
419 1477 535 1506 movet
552 1473 711 1506 stabilem
727 1473 868 1506 fallacia
883 1473 1018 1517 Nisum,

69 1521 142 1554 Nec
158 1524 304 1565 possunt
320 1520 485 1561 homines,
502 1530 566 1552 nec
582 1523 727 1562 possunt
743 1518 881 1552 flectere
898 1519 980 1575 divi,
981 1539 1028 1544 ——-

69 1567 182 1600 Tanta
199 1571 250 1599 est
267 1566 304 1598 in
320 1576 426 1609 parvo
443 1546 572 1597 fiducii
589 1564 682 1597 crine
700 1564 867 1598 cavendi:
869 1584 916 1589 —
1122 1567 1190 1599 380

72 1612 203 1645 Rursus
220 1612 265 1645 ad
281 1612 459 1654 inceptum
477 1610 603 1643 sociam
621 1621 655 1642 se
672 1610 834 1653 adjungit
850 1610 1009 1654 alumnae,

71 1657 358 1702 Purpureumque
374 1660 474 1700 parat
490 1667 606 1688 rursus
623 1655 765 1688 tondere
782 1656 956 1699 capillum,

73 1704 159 1737 'Pam
175 1703 280 1746 longo
298 1702 388 1745 quod
401 1703 476 1745 jam
493 1705 612 1745 captat
630 1711 827 1734 succurrere
844 1702 953 1734 amori
969 1714 975 1735 :

72 1749 106 1783 N
108 1760 152 1784 on
168 1749 283 1782 minus
300 1748 361 1781 illa
378 1751 506 1790 tamen,
523 1746 640 1781 revehi
658 1747 749 1790 quod
766 1747 894 1780 moenia
910 1751 1076 1791 crescant,
