1345 1927
157 85 223 117 292
506 83 724 118 AENEIDOS
750 84 836 119 LIB.
863 83 923 118 IX.

161 151 256 183 Unus
274 149 385 193 homo,
401 152 437 183 et
455 151 586 194 vestris,
604 161 622 184 ο
639 150 740 193 cives,
757 151 915 195 undique
932 153 1050 195 septus

159 195 360 239 Aggeribus,
377 177 496 229 'tantas
513 201 644 239 strages
661 196 804 240 impune
821 208 882 240 per
898 195 1018 229 urbem

162 223 341 274 Ediderit2
361 242 533 284 juvenum
551 243 678 286 primos
696 245 748 275 tot
765 242 897 275 miserit
915 241 1028 275 Orco?

97 302 106 307 -
161 287 238 319 Non
254 287 404 320 infelicis
421 288 553 331 patriae,
572 291 810 331 veterumque
816 287 967 328 deorum,

159 332 204 365 Et
220 333 339 376 magui
356 332 477 366 AEneae
495 344 614 377 segnes
631 333 839 377 miseretque
857 333 1034 377 pudetque
1047 331 1081 366 ‘3⁹'

157 377 297 411 Talibus
313 378 449 412 accensi
465 378 660 420 firmantur,
678 383 713 412 et
730 379 868 422 agmine
885 379 991 412 denso

158 424 368 457 Consistunt.
417 424 555 457 Turnus
571 424 742 468 paulatim
760 424 924 457 excedere
941 435 1069 468 pugna,

159 469 202 502 Et
219 469 366 502 fluvium
383 473 510 513 petere,
527 481 567 502 ac
584 474 719 513 partem
736 480 813 513 quae
831 470 986 513 cingitur
1002 469 1106 503 amni.
1207 469 1275 503 790

159 515 279 548 Acrius
296 515 361 548 hoc
379 515 502 548 Teucri
519 515 667 548 clamore
685 514 883 548 incumbere
900 527 1037 558 magno,

159 561 201 593 Et
219 560 408 603 glomerare
425 572 568 593 manum
583 572 589 593 :
611 571 678 606 ‘ceu
695 571 826 593 saevum
843 560 946 594 turba
964 561 1098 594 leonem

158 606 273 646 Quum
290 606 368 639 telis
385 606 512 649 premit
530 606 673 639 infensis
688 618 695 646 ;
720 610 758 639 at
775 606 916 639 territus
934 606 1002 649 ille,

159 653 275 695 Asper,
292 651 415 684 acerba
433 656 544 694 tuens,
562 655 653 685 retro
670 651 761 685 redit
776 664 784 692 ;
809 655 844 684 et
861 662 975 695 neque
993 656 1091 695 terga

160 697 213 730 Ira
230 697 312 730 dare
328 702 391 730 aut
408 697 520 730 virtus
537 697 680 741 patitur,
697 708 761 730 nec
780 697 921 730 tendere
937 701 1068 741 contra,

159 743 221 775 Ille
238 743 379 786 quidem
396 743 460 776 hoc
478 743 631 787 cupiens,
649 743 740 787 potis
757 747 808 776 est
826 754 887 786 per
904 743 975 776 tela
991 743 1159 787 virosque.

159 789 263 822 {laud
280 789 382 822 aliter
398 792 489 821 retro
507 788 634 822 dubius
651 788 799 832 vestigia
815 788 953 822 Turnus

158 834 172 866 Ι
177 838 394 878 mproperata
411 834 526 877 refert,
545 837 579 867 et
595 845 692 867 mens
709 838 881 867 exaestuat
897 835 957 868 ira.

156 880 248 921 Quin
265 880 371 913 etiam
387 879 439 912 bis
455 883 532 912 tum
548 879 678 913 medios
695 880 869 913 invaserat
886 879 1000 913 hostes
1014 892 1023 921 ;

159 926 216 958 Bis
233 925 377 958 confusa
393 925 479 969 fuga
496 937 557 969 per
572 937 688 959 muros
705 925 846 968 agmina
862 925 977 959 vertit.
1207 927 1275 959 800

155 971 221 1004 Sed
238 982 361 1004 manus
379 982 397 1004 e
414 971 534 1004 castris
551 982 694 1014 propere
712 971 780 1004 coit
797 971 908 1004 omnis
925 971 962 1004 in
978 982 1099 1005 unum.

156 1017 227 1049 Nee
244 1020 365 1050 contra.
381 1016 470 1050 vires
487 1017 594 1049 audet
611 1016 776 1050 Saturnia
792 1015 817 1049 J
821 1028 889 1050 uno

155 1062 317 1095 Sufficere
331 1074 339 1103 ;
365 1062 496 1096 aeriam
513 1062 598 1095 coelo
615 1073 696 1094 nam
714 1062 858 1105 Jupiter
876 1062 961 1095 Irim

155 1108 312 1150 Demisit,
329 1118 501 1151 germanae
520 1107 615 1140 haud
631 1107 750 1141 mollia.
762 1109 860 1151 jussa
877 1108 1046 1141 ferentem
1060 1119 1068 1142 :

154 1154 199 1186 Ni
217 1154 355 1186 Turnus
372 1153 473 1186 cedat
489 1153 700 1186 Teucrorum
716 1152 888 1186 moenibus
905 1153 995 1187 altis.

155 1199 244 1243 Ergo
260 1210 324 1232 nec
342 1199 452 1243 clipeo
464 1199 605 1242 juvenis
622 1198 806 1232 subsistere
823 1203 972 1241 tantum,

156 1245 226 1278 Nec
243 1245 367 1278 dextra
384 1244 478 1278 valet
492 1256 498 1278 :
523 1244 662 1288 injectis
679 1245 726 1277 sic
744 1244 899 1288 undique
917 1244 996 1278 telis

155 1291 331 1324 Obruitur.
379 1289 511 1334 Strepit
527 1290 665 1323 assiduo
683 1301 768 1324 cava
784 1294 941 1334 tempora
957 1290 1088 1324 circum

155 1337 300 1369 Tinnitu
317 1336 427 1379 galea,
445 1340 481 1369 et
498 1336 590 1369 saxis
607 1336 717 1369 solida
734 1346 802 1369 aera
818 1337 1011 1378 fatiscunt3

155 1383 394 1425 Discussaeque
405 1381 501 1425 juboe
519 1382 627 1426 capiti
641 1394 649 1422 3
674 1392 738 1414 nec
755 1381 882 1415 sufficit
899 1381 1003 1415 umbo
1205 1383 1272 1415 810

158 1428 288 1461 Ictibus
302 1441 310 1469 ;
336 1428 555 1470 ingeminant
573 1427 681 1460 hastis
698 1431 733 1460 et
749 1427 854 1461 Troe's
871 1431 906 1460 et
922 1427 996 1472 ipse

155 1474 356 1507 Fulmineus
373 1473 586 1506 Mnestheus.
633 1473 723 1506 Tum
741 1476 813 1506 toto
831 1484 970 1517 corpore
987 1472 1092 1506 sudor

155 1519 324 1563 Liquitur,
342 1522 376 1552 et
393 1519 642 1563 piceum—nec
654 1519 827 1571 'respirare
844 1522 1044 1562 potestas-

155 1565 302 1598 Flumen
319 1565 416 1608 agit;
441 1565 546 1598 fessos
565 1565 681 1608 quatit
697 1575 776 1598 acer
792 1564 969 1597 anhelitus
985 1567 1093 1598 artus.

152 1610 241 1643 Tum
258 1611 398 1643 demum
415 1621 565 1654 praeceps
583 1610 675 1643 saltu
692 1621 764 1643 sese
780 1609 938 1643 omnibus
955 1609 1059 1643 armis

153 1655 195 1688 In
212 1655 359 1688 fluvium
376 1656 482 1689 dedit.
531 1655 596 1689 Ille
614 1667 674 1688 suo
692 1667 772 1688 cum
788 1655 928 1699 gurgite
944 1655 1034 1688 flavo

153 1701 296 1744 Accepit
314 1702 520 1742 venientem,
538 1712 578 1735 ac
595 1701 757 1734 mollibus
775 1701 905 1734 extulit
921 1700 1049 1734 undis·
1039 1726 1049 1742 ‚

152 1745 198 1780 Et
213 1746 334 1780 laetum
352 1747 451 1780 sociis
468 1746 589 1781 abluta
605 1746 698 1780 caede
714 1746 856 1781 remisit.
