1345 1927
157 95 223 127 394
463 91 499 125 P.
527 91 730 126 VIRGILII
757 92 971 126 MARONIS

159 159 261 200 Quod
277 162 305 192 si
322 158 390 192 alio
404 159 523 202 quovis
540 159 655 192 animo
668 159 813 203 jactaris
831 170 1000 201 amore,—

159 204 250 238 Nam
268 209 302 237 te
314 205 450 247 jactari,
469 216 536 238 non
555 210 607 237 cst
624 205 832 238 Amathusia
848 206 955 238 nostri

159 250 245 283 'Pam
262 250 367 293 mdis,
384 254 426 283 ut
442 250 538 283 nullo
556 251 681 294 possim
700 261 900 294 cognoscere
918 251 1015 295 signo
1030 264 1086 292 5—-

160 294 197 328 Si
215 307 394 329 concessus
411 307 506 329 amor
523 301 603 329 no'to
621 301 655 329 te
673 301 825 330 macerat
842 297 922 340 igne
937 309 945 337 3

161 340 228 375 Per
244 341 310 374 tibi
326 342 512 385 Dictynnae
530 342 715 386 praeseutia
733 343 877 375 numina
890 344 980 386 juro,

161 386 280 420 Prima
297 387 402 421 desim
419 399 497 431 quae
515 391 549 420 te
566 387 652 420 mihi
670 387 808 421 dulcem
826 388 933 422 donat
950 388 1139 432 alumnam,

163 432 289 466 Omnia
304 445 359 466 me
377 433 492 477 potius
510 433 617 475 digna
634 437 739 477 atque
756 434 902 477 indigna
920 434 1077 468 laborum

162 477 278 512 Millia
295 479 458 522 visuram,
473 490 579 523 quam
596 483 631 512 te
649 483 721 512 tam
739 479 897 513 tristibus
914 480 989 513 istis

163 523 329 558 Sordibus
346 529 382 557 et
399 525 508 558 scoria
524 525 638 568 patiar
655 524 829 558 tabescere
846 523 938 559 tali.’'

210 570 296 603 Haec
312 570 485 614 loquitur:
511 570 678 613 mollique
695 574 736 603 ut
754 582 788 603 se
806 570 935 604 velavit
951 571 1094 616 amictu,
1215 572 1283 604 250

163 614 191 648 F
193 616 382 659 rigidulam
399 616 528 660 injecta
546 616 739 649 circumdat
757 620 851 649 veste
868 617 1031 660 puellam,

165 661 249 702 Quze
266 662 362 706 prius
379 661 416 694 in
433 662 532 694 tenui
550 666 693 695 steterat
711 662 887 696 succincta
905 674 1037 697 corona.

164 706 291 741 Dulcia
308 707 433 740 deinde
450 707 547 751 genis
563 708 760 741 rorantibus
778 708 894 742 oscula
910 708 1029 752 figens,

165 752 394 797 Persequitur
409 753 543 787 miserae
561 765 682 787 causas
700 754 880 797 exquirere
898 754 988 788 tabis
1003 767 1011 796 3

167 798 200 832 N
203 810 240 832 ec
258 803 376 832 tamen
393 803 475 832 ante
491 799 582 832 ullas
599 799 735 843 patitur
751 799 816 832 sibi
832 800 974 834 reddere
992 811 1100 842 voces,

166 843 400 878 Marmoreum
417 840 646 878 tremebunda
664 845 786 889 pedem
804 856 910 889 quam
926 846 1048 880 retulit
1065 847 1167 880 intra.

167 889 235 923 Illa
251 894 378 932 autem,
396 893 417 907 “
428 890 519 931 Quid
533 901 625 923 nunc
639 889 727 931 me‚”
745 890 869 932 inquit,
888 893 909 907 “
920 892 1106 934 nutricula,
1122 896 1259 937 torques
1273 892 1287 928 ἲ

167 933 259 974 Quid
277 937 416 967 tantum
434 945 594 978 properas
612 939 745 967 nostros
761 935 896 969 novisse
912 935 1044 970 furores
1058 935 1070 970 3

166 978 199 1012 N
201 990 245 1012 on
262 991 325 1022 ego
343 984 505 1012 consueto
522 979 726 1013 mortalibus
743 991 824 1013 uror
839 992 963 1023 amore,

167 1024 200 1057 N
203 1036 240 1058 ec
256 1025 344 1058 mihi
360 1029 521 1058 notorum
538 1025 730 1058 deflectunt
746 1026 880 1060 lumina
898 1027 1027 1070 vultus,
1218 1029 1287 1062 260

167 1070 240 1103 Nec
258 1071 393 1114 genitor
410 1071 504 1104 cordi
522 1075 573 1104 est
587 1083 593 1104 ε
619 1070 711 1104 ultro
728 1083 878 1115 namque
895 1072 1030 1106 odimus
1047 1083 1173 1108 omnes,

168 1116 228 1149 Nil
245 1120 340 1150 amat
357 1116 414 1149 hic
431 1117 578 1159 animus,
596 1117 728 1159 nutrix,
747 1118 837 1161 quod
855 1122 990 1162 oportet
1007 1119 1126 1163 amari,

170 1161 212 1194 In
230 1173 297 1206 quo
315 1161 403 1195 falsa
419 1166 537 1196 tamen
554 1162 663 1196 lateat
680 1163 822 1207 pictatis
838 1164 953 1207 imago
969 1176 976 1197 :

170 1206 237 1241 Sed
254 1208 368 1241 media
385 1219 428 1241 ex
446 1208 520 1242 acie
538 1208 661 1241 mediis
678 1220 721 1242 ex
740 1208 905 1243 hostibus.
947 1210 1037 1253 Heu,
1055 1209 1135 1254 heu,

171 1253 263 1294 Quid
281 1254 395 1287 dicam
409 1253 421 1287 2
447 1265 558 1298 quove
575 1254 650 1298 ipsa
666 1254 799 1288 malum
816 1255 880 1288 hoc
897 1256 1057 1290 exordiar
1073 1255 1156 1290 ore?

170 1298 294 1332 Dicam
311 1299 483 1343 equidem,
495 1301 659 1344 quoniam
678 1300 761 1344 quid
779 1304 819 1334 tu
837 1300 902 1334 tibi
919 1301 1041 1343 dicere,
1058 1302 1190 1345 nutrix,

169 1344 203 1378 N
205 1356 249 1378 on
267 1345 350 1378 sinis
365 1358 373 1386 3
398 1350 593 1379 extremum
610 1345 675 1379 hoc
691 1357 819 1380 munus
836 1347 1014 1380 morientis
1030 1347 1165 1382 habeto.

173 1391 248 1434 Ille,
265 1391 371 1434 vides,
389 1392 515 1424 nostris
533 1392 592 1436 qui
609 1392 780 1425 moenibus
798 1392 926 1426 assidet
943 1393 1060 1437 hostiS‚

173 1436 283 1478 Quem
300 1441 399 1481 pater
415 1437 488 1481 ipse
506 1437 610 1471 deum
628 1438 753 1482 sceptri
771 1438 914 1472 donavit
930 1438 1068 1482 honore,

173 1482 237 1515 Cui
255 1482 373 1516 Parcae
391 1483 542 1517 tribuere
559 1495 622 1517 nec
639 1483 712 1517 ullo
729 1484 872 1518 vulnere
888 1484 1027 1527 laedi,—
1220 1485 1289 1519 270

171 1528 368 1562 Dicendum
386 1533 446 1571 est,
459 1529 591 1562 frustra
608 1529 845 1563 circumvehor
861 1530 977 1564 omnia
993 1530 1154 1564 verbis—-

173 1573 238 1606 Ille
254 1586 341 1618 mea,
359 1574 418 1607 ille
436 1575 528 1608 idem
545 1579 727 1619 oppugnat
743 1576 934 1620 praecordia
951 1575 1074 1610 Minos.

175 1619 274 1660 Quod
291 1623 326 1654 te
343 1632 404 1664 per
421 1621 542 1654 divum
560 1621 693 1654 crebros
711 1620 862 1655 obtestor
878 1633 1020 1665 amoreS‚

174 1664 308 1708 Perque
325 1670 427 1699 tuum
444 1667 603 1700 memoris
620 1667 787 1701 haustum
803 1667 891 1700 mihi
907 1671 1029 1712 pectus
1045 1667 1206 1712 alumnae,

175 1710 223 1743 Ut
239 1722 304 1753 me,
322 1712 350 1745 si
368 1724 502 1746 servare
518 1717 625 1757 potes,
643 1725 687 1746 ne
703 1713 845 1757 perdere
861 1713 971 1747 malis.

174 1755 235 1790 Sin
252 1760 373 1791 autem
390 1762 520 1802 optatae
537 1770 613 1803 spes
630 1763 681 1793 est
698 1759 808 1793 incisa
824 1759 958 1800 salutis,
