1345 1927
380 80 647 114 GEORGICON
672 80 760 114 LIB.
779 80 846 114 III.
1132 80 1173 116 71

56 146 103 180 Et
119 145 236 179 dulces
252 146 386 180 animas
403 147 507 190 plena
523 147 568 179 ad
584 146 752 190 praesepia
768 146 929 179 reddunt.

56 192 151 225 Hinc
168 192 310 225 canibus
327 191 465 225 blandis
481 192 592 225 rabies
609 192 716 235 venit,
734 195 769 225 et
786 192 901 235 quatit
918 203 1027 235 aegros

55 237 172 270 Tussis
189 237 315 270 anhela
332 249 409 271 sues
425 249 465 270 ac
482 237 642 271 faucibus
659 238 758 280 angit
774 237 892 270 obesis.

54 282 202 316 Labitur
217 283 342 316 infelix
359 283 554 316 studiorum
571 287 677 327 atque
694 284 872 317 immemor
888 283 1013 326 herbae,

55 328 176 361 Victor
193 340 312 372 equus,
328 329 510 372 fontesque
527 329 706 370 avertitur,
724 332 759 361 et
775 329 862 372 pede
878 333 1007 362 terram

55 373 180 407 Crebra
196 374 277 407 ferit
291 386 299 415 ;
325 374 480 407 demissae
497 385 596 407 aures
612 387 620 415 ;
644 374 798 407 incertus
814 373 944 407 ibidem
1107 377 1175 408 500

54 419 175 463 Sudor,
193 423 228 452 et
243 419 303 453 ille
321 420 462 463 quidem
477 420 653 452 morituris
670 419 818 463 frigidus
832 432 840 460 ;
865 423 940 453 aret

53 464 169 508 Pellis,
187 469 222 498 et
237 465 283 498 ad
300 469 435 498 tactum
452 465 620 498 tractanti
637 466 727 498 dura
743 465 882 499 resistit.

54 509 142 543 Haec
159 514 241 544 ante
258 511 406 543 exitium
423 511 544 554 primis
562 511 649 544 dant
666 511 765 553 signa
782 511 913 545 diebus.

53 555 115 589 Sin
131 556 170 588 in
185 567 346 600 processu
362 557 467 600 coepit
484 556 683 589 crudescere
699 556 838 589 morbus
852 569 858 589 :

53 600 143 634 Tum
159 613 238 635 vero
255 602 415 635 ardentes
432 603 533 644 oculi,
552 606 658 645 atque
675 606 846 635 attractus
862 602 906 635 ab
923 602 994 636 alto

53 646 214 690 Spiritus,
231 648 409 680 interdum
425 648 561 691 gemitu
577 647 692 690 gravis
707 660 715 688 ;
740 647 878 691 imaque
894 648 998 692 longo
1154 651 1176 689 j

53 692 121 726 Ilia
138 693 297 736 singultu
312 694 465 726 tendunt
479 706 487 733 3
512 693 542 726 it
557 693 700 726 naribus
717 697 792 726 ater

52 737 212 781 Sanguis,
231 742 265 771 et
282 739 432 772 obsessas
448 740 566 772 fauces
583 739 710 782 premit
727 749 848 782 aspera
864 738 1010 783 lingua:

52 783 191 817 Profuit
207 785 336 817 inserto
353 784 473 817 latices
490 784 674 817 infundere
692 795 800 816 cornu

51 828 211 870 Lenaeos,
203 842 210 849 ·
236 841 276 862 ea
292 830 366 862 visa
383 830 476 862 salus
492 829 719 862 morientibus
736 840 816 862 una.
1104 831 1172 864 510

50 874 135 907 Mox
152 856 226 908 era’t
242 875 331 908 hoc'
322 887 438 919 ipsum
454 875 572 918 exitio,
588 875 757 918 furiisque
773 874 896 908 refecti

50 920 239 963 Ardebant,
256 921 391 964 ipsique
408 932 495 964 suos,
508 922 583 964 jam
600 925 710 953 morte
727 920 790 953 sub
808 932 909 963 aegra,

52 965 114 1008 (Di
129 947 271 999 meliora
288 966 364 1010 piis,
383 978 598 1010 erroremque
614 966 772 999 hostibus
789 966 890 998 illum
905 965 930 1010 ¹)

49 1010 216 1045 Discissos
233 1012 336 1045 nudis
352 1012 534 1045 laniabant
551 1012 714 1045 dentibus
731 1016 836 1045 artus.

49 1056 138 1090 Ecce
155 1061 274 1091 autem
291 1058 376 1091 duro
393 1058 532 1091 fumans
549 1057 612 1090 sub
629 1069 765 1090 vomere
782 1062 904 1090 taurus

50 1102 217 1146 Concidit,
235 1106 270 1136 et
286 1104 439 1136 mixtum
457 1104 588 1147 spumis
604 1103 713 1136 vomit
730 1114 787 1136 ore
804 1115 969 1148 cruorem,

49 1148 300 1193 Extremosque
317 1150 385 1182 ciet
402 1150 561 1192 gemitus.
603 1149 639 1182 It
655 1149 766 1182 tristis
783 1153 907 1192 arator,

49 1193 254 1228 Maerentem
270 1195 463 1239 abjungens
478 1195 633 1228 fraterna
648 1199 759 1228 morte
771 1196 973 1238 juvencum,

49 1239 166 1284 Atque
183 1251 283 1284 opere
299 1241 337 1273 in
352 1241 466 1274 medio
484 1240 598 1274 defixa
613 1240 781 1284 relinquit
797 1245 922 1274 aratra.

49 1284 128 1318 Non
144 1286 278 1319 umbrae
295 1286 446 1319 altorum
462 1297 652 1328 nemorum,
669 1297 740 1318 non
755 1286 875 1318 mollia
890 1289 1038 1329 possunt
1101 1289 1168 1320 520

49 1330 157 1364 Prata
171 1343 308 1365 movere
325 1331 491 1374 animum,
508 1343 578 1364 non
595 1332 656 1375 qui
672 1343 733 1374 per
750 1342 834 1364 saxa
850 1332 991 1364 volutus

50 1376 173 1410 Purior
190 1377 315 1410 electro
332 1388 495 1421 campum
511 1377 600 1420 petit
617 1377 728 1410 amnis
743 1388 750 1410 :
775 1381 812 1409 at
829 1377 900 1409 ima

48 1421 241 1456 Solvuntur
257 1423 377 1465 latera,
395 1427 499 1466 atque
516 1422 631 1455 oculos
649 1426 768 1466 stupor
783 1427 886 1465 urget
902 1422 1041 1467 inertes,

47 1467 104 1501 Ad
120 1471 317 1512 terramque
333 1468 413 1501 fluit
430 1469 561 1502 devexo
578 1468 728 1512 pondere
745 1468 871 1501 cervix.

49 1513 141 1555 Quid
157 1513 254 1547 labor
269 1519 331 1547 aut
347 1514 529 1547 benefacta
541 1515 670 1557 juvant
684 1513 696 1546 2
721 1513 805 1557 quid
822 1525 958 1547 vomere
974 1517 1082 1548 terras

48 1559 235 1593 Invertisse
251 1571 372 1603 graves
388 1560 399 1592 2
424 1560 523 1603 atqui
539 1571 609 1592 non
625 1559 776 1592 Massica
792 1559 922 1592 Bacchi

47 1604 206 1648 Munera,
223 1617 294 1638 non
310 1606 380 1638 illis
397 1606 508 1649 epuiae
526 1617 672 1638 nocuere
687 1610 833 1649 repostae
848 1617 855 1638 ι

49 1650 242 1683 Frondibus
260 1655 295 1684 et
311 1652 409 1684 victu
425 1656 617 1694 pascuntur
634 1651 799 1694 simplicis
816 1650 930 1684 herbae
945 1662 954 1692 ;

49 1695 179 1730 Pocula
195 1700 278 1730 sunt
293 1697 406 1730 fontes
423 1697 547 1740 liquidi
564 1701 670 1739 atque
686 1697 839 1729 exercita
856 1708 960 1730 cursu

49 1741 214 1776 Flumina
227 1755 237 1784 ;
260 1754 324 1776 nec
341 1754 475 1776 somnos
492 1742 668 1786 abrumpit
685 1753 767 1776 cura
784 1742 947 1776 salubres.
1099 1743 1167 1776 530
