1345 1927
126 61 194 92 398
439 58 476 92 P.
496 58 699 92 VIRGILII
725 57 939 91 MARONIS

126 125 284 159 Gaudeat
299 137 304 158 :
331 128 366 158 et
383 125 489 158 cineri
507 125 621 168 patria
637 128 689 158 est
701 124 861 168 jucunda
877 124 1022 168 sepulto.

172 171 263 214 Ergo
280 175 377 204 metu
396 170 503 214 capiti
521 170 637 214 Scylla
654 175 705 204 est
723 170 864 204 inimica
881 175 1035 214 paterno.

123 215 212 249 Tum
230 227 327 249 coma
343 215 483 249 Sidonio
500 216 623 249 florens
640 216 830 249 succiditur
847 220 937 249 ostro
954 228 962 256 ;

123 261 211 294 Tum
229 262 366 306 capitur
383 261 535 305 Megara,
553 266 588 295 et
605 262 725 295 divum
742 272 904 305 responsa
921 261 1111 305 probantur
1121 273 1130 302 ;

125 307 215 340 Tum
233 319 398 351 suspensa
415 319 502 341 novo
519 308 591 340 ritu
609 308 651 340 de
667 307 814 340 navibus
832 307 922 349 altis,

123 352 188 386 Per
205 364 298 386 mare
315 353 501 387 caeruleum
520 353 674 386 trahitur
691 353 812 386 Niseia
829 353 935 395 virgo.
1177 354 1245 387 390

122 398 320 442 Complures
337 399 434 432 illam
451 399 613 443 nymphae
631 399 804 432 mirantur
822 398 858 431 in
876 398 978 431 undis
995 410 1003 439 3

121 443 272 478 Miratur
289 448 387 488 pater
406 445 573 487 Oceanus,
590 448 625 478 ct
643 444 791 478 candida
809 444 947 487 Tethys,

119 489 166 523 Et
183 490 326 533 cupidas
345 501 460 523 secum
477 490 615 534 rapiens
633 490 778 523 Galatea
795 501 922 523 sorores
937 502 945 530 ;

120 535 188 568 Illa
207 536 324 577 etiam,
337 535 470 579 junctis
487 547 654 579 magnum
672 547 750 579 quae
766 534 917 579 piscibus
935 546 1052 580 aequor

119 580 165 614 Et
182 581 306 624 glauco
323 581 489 625 bipedum
506 592 610 614 curru
626 581 771 614 metitur
789 592 964 624 equorum,

119 626 320 668 Leucothee,
338 638 533 671 parvusque
550 627 614 660 dea
631 637 710 660 cum
726 630 838 660 matre
855 626 1040 660 Palaemon.

118 672 176 705 Illi
194 672 310 715 etiam,
327 672 478 705 alternas
496 673 608 706 sortiti
626 672 741 706 vivere
758 673 861 715 luces,

118 717 204 752 Cara
216 718 242 751 J
244 718 315 751 ovis
333 718 477 761 suboles,
494 729 661 761 magnum
679 718 703 751 J
706 718 778 751 ovis
795 718 1059 760 incrementum,

117 763 324 806 Tyndaridae
341 763 458 796 niveos
475 764 648 797 mirantur
665 763 809 807 virginis
827 768 932 798 artus.

117 809 191 842 Has
209 809 294 842 adeo
311 820 409 843 voces
427 813 532 853 atque
548 809 622 842 haec
639 809 792 843 lamenta
808 821 870 854 per
885 820 988 843 auras
1171 810 1239 842 400

116 853 299 888 Fluctibus
317 855 353 887 in
370 854 492 888 mediis
511 859 636 898 questu
652 855 812 888 volvebat
830 855 937 898 inani,

116 900 171 933 Ad
189 900 314 933 coelum
331 900 454 933 infelix
472 901 632 934 ardentia
649 901 782 934 lumina
800 900 933 943 tollens,

115 942 265 978 Lumina
281 957 288 978 :
314 956 396 978 nam
414 949 548 979 teneras
565 946 730 979 arcebant
746 946 887 979 vincula
903 945 1045 989 palmas.

163 990 182 1004 “
195 988 408 1032 Supprimite
425 998 444 1021 o
463 988 606 1031 paulum
625 989 757 1022 turbati
774 990 916 1024 flamina
933 990 1040 1031 venti,

118 1034 212 1067 Dum
229 1046 352 1078 queror
367 1047 375 1076 3
400 1039 435 1068 et
453 1035 559 1077 divos,
577 1046 778 1079 quanquam
795 1035 845 1068 nil
864 1036 1010 1070 testibus
1029 1035 1097 1069 illis

115 1079 258 1122 Profeci⁷
276 1084 432 1113 extrema
449 1080 597 1114 moriens
615 1084 732 1114 tamen
750 1080 906 1124 alloquor
923 1081 1015 1115 hora.

114 1125 182 1158 Vos
200 1137 272 1169 ego,
291 1137 349 1159 vos
366 1125 461 1168 ade0‚
479 1126 585 1168 venti,
603 1125 764 1169 testabor,
782 1130 817 1159 et
834 1137 936 1170 aurae,

114 1170 191 1214 Vos,
209 1171 386 1204 matutina
403 1171 431 1204 si
448 1172 508 1215 qui
525 1172 568 1205 de
585 1176 689 1215 gente
707 1171 843 1215 venitis,

114 1216 260 1250 Cernjtis
277 1229 283 1250 :
309 1217 370 1250 illa
387 1228 450 1260 ego
467 1229 544 1250 sum
561 1222 707 1261 cognato
725 1218 894 1261 sanguine
910 1217 1006 1252 vobis

113 1261 230 1305 Scylla
247 1275 255 1303 ;
281 1261 383 1306 quod,
401 1262 465 1296 ah!
493 1263 589 1296 salva
605 1263 709 1297 liceat
726 1267 760 1297 te
778 1264 891 1297 dicere
908 1263 1039 1298 Procne
1054 1276 1063 1305 ;
1165 1266 1233 1298 410

112 1307 179 1340 Illa
196 1319 258 1351 ego
277 1319 353 1340 sum
367 1308 442 1341 Nisi
459 1309 621 1352 pollentis
638 1309 711 1342 filia
728 1309 912 1353 quondam,

113 1353 279 1386 Certatim
297 1365 340 1386 ex
357 1354 451 1387 omni
468 1355 571 1398 petiit
589 1366 693 1398 quam
711 1355 842 1388 Graecia
858 1366 974 1399 regno,

112 1398 188 1440 Qua
205 1410 331 1432 curvus
348 1403 457 1433 terras
474 1400 699 1444 amplectitur
717 1400 984 1445 Hellespontus3

111 1444 179 1478 Illa
196 1456 259 1487 ego
277 1456 362 1488 sum,
381 1445 505 1488 Minos,
524 1450 657 1479 sacrato
674 1446 801 1480 foedere
818 1447 947 1490 conjux

110 1489 215 1523 Dicta
232 1490 313 1524 tibi:
339 1495 456 1524 tamen
473 1491 557 1534 haec,
576 1495 610 1524 et
627 1492 655 1524 si
673 1503 742 1525 non
759 1492 896 1536 accipis,
914 1492 1023 1526 audis.

110 1535 283 1569 Vinctane
301 1540 373 1569 tam
390 1537 509 1580 magni
526 1537 671 1571 tranabo
688 1538 837 1581 gurgitis
854 1538 989 1572 undas?

110 1580 238 1614 Vincta
257 1585 308 1614 tot
325 1582 479 1615 assiduas
496 1582 652 1626 pendebo
669 1595 713 1616 ex
730 1583 848 1616 ordine
865 1583 982 1617 luces?

108 1626 187 1659 Non
205 1627 365 1671 equidem
381 1639 436 1660 me
453 1627 521 1661 aJio
539 1640 676 1672 possum
694 1629 900 1663 contendere
918 1629 1062 1674 dignam

108 1671 295 1716 Supplicio‚
306 1673 398 1716 quod
416 1674 463 1707 sic
480 1674 630 1717 patriam
647 1685 810 1718 carosque
826 1679 969 1719 penates

109 1716 276 1751 Hostibus
294 1718 490 1763 immitique
507 1719 627 1753 addixi
644 1720 766 1764 ignara
783 1725 941 1765 tyranno.
1155 1722 1225 1755 420
