1345 1927
107 55 130 86 2
419 54 456 88 P.
476 55 678 89 VIRGILII
707 56 920 92 MAROMS

109 119 238 153 Noram
253 132 260 160 3
278 120 326 153 sic
344 121 460 164 parvis
477 133 680 166 componere
697 135 825 167 magna
842 126 1000 161 solebam.

109 164 239 199 Verum
257 165 330 198 haec
347 170 487 200 tantum
505 167 590 201 alias
607 168 698 202 inter
714 174 821 214 caput
838 172 968 206 extulit
984 173 1094 218 urbes,

109 211 290 253 Quantum
308 211 404 245 lenta
421 212 532 246 solent
548 213 640 247 inter
657 215 805 249 viburna
822 218 981 261 cupressi.

139 256 235 290 ΜΗ.
261 257 307 290 Et
325 269 402 301 quae
420 262 521 291 tanta
537 259 606 292 fuit
625 260 769 294 Romam
787 261 851 295 tibi
868 274 971 297 causa
989 264 1155 299 videndi?

139 302 217 335 ΤῙΤ.
244 302 400 336 Libertas
415 316 423 344 3
449 315 525 348 quae
544 316 627 347 sera,
638 309 756 339 tamen
777 309 929 351 respexit
947 309 1103 354 inertem,

109 348 296 381 Candidior
313 354 497 393 postquam
515 350 675 384 tondenti
693 351 799 386 barba
816 354 962 388 cadebat
977 368 985 396 ;

108 393 277 438 Respexit
294 399 422 436 tamen,
441 400 475 428 et
493 396 595 438 longo
613 402 690 441 post
709 402 861 441 tempore
878 401 985 443 venit,
1185 404 1231 437 30

108 438 298 483 Postquam
316 451 377 474 nos
395 440 582 484 Amaryllis
600 442 713 485 habet,
733 444 878 478 Galatea
893 446 1046 491 reliquit.

108 484 278 529 Namque,
296 486 432 519 fatebor
448 487 550 530 enim,
569 488 653 521 dum
671 500 725 522 me
744 489 888 524 Galatea
904 493 1054 535 tenebat,

107 530 142 565 N
143 542 181 564 ee
199 543 274 575 spes
292 531 464 565 libertatis
482 538 565 575 erat,
583 545 647 566 nec
664 545 747 567 cura
764 536 889 579 peculi.

109 577 278 618 Quamvis
294 578 409 611 multa
426 579 511 611 meis
529 579 640 612 exiret
657 580 801 614 victima
816 582 942 625 soeptis,

110 623 259 667 Pinguis
277 627 312 656 et
328 624 476 667 ingratae
495 630 708 668 premeretur
725 637 843 659 caseus
861 627 956 661 urbi:

109 668 142 702 N
144 680 188 702 on
205 680 361 712 unquam
378 670 493 712 gravis
513 681 578 703 aere
595 670 736 703 domum
752 672 839 705 mihi
857 673 980 708 dextra
995 675 1139 710 redibat.

141 713 236 749 MEL.
263 715 425 758 Mirabar,
444 716 529 760 quid
546 721 668 750 maesta
686 717 775 760 deos,
793 718 974 764 Amaryffi,
993 732 1140 765 vocares,

110 760 175 794 Cui
192 762 340 805 pendere
358 773 420 794 sua
437 762 602 805 patereris
619 762 656 795 in
673 762 792 797 arbore
808 776 911 808 poma
927 778 936 806 3

108 805 250 850 Tityrus
268 807 351 840 hinc
369 807 497 841 aberat.
540 808 692 852 Ipsae-te,
710 809 839 853 Tityre,
856 811 969 856 pinus,

110 851 184 897 Ipsi
202 856 236 886 te
254 853 376 893 fontes,
394 853 470 897 ipsa
487 853 561 887 haee
578 854 721 888 arbusta
738 856 918 891 vocabant.
1187 861 1232 892 40

140 899 218 932 Tm.
245 899 337 940 Quid
354 899 505 932 facerem
519 899 531 933 2
556 911 669 944 neque
687 901 826 934 servitio
842 914 898 935 me
915 903 1009 937 exire
1026 903 1164 948 licebat,

110 943 143 978 N
145 956 182 978 ec
200 948 273 978 tam
289 950 476 989 praesentes
493 945 577 979 alibi
595 957 797 989 cognoscere
814 947 919 982 divos.

111 989 181 1023 Hic
199 991 301 1023 illum
318 991 391 1023 vidi
402 992 579 1034 juvenem,
598 992 768 1034 Meliboee,
786 998 871 1037 quot
888 995 990 1028 annis

109 1036 170 1069 Bis
188 1048 285 1070 senos
303 1037 359 1069 cui
376 1042 494 1070 nostra
511 1037 583 1070 dies
600 1037 724 1071 altaria
740 1039 889 1074 fumant.

111 1081 180 1115 Hic
197 1082 285 1115 mihi
301 1094 504 1127 responsum
521 1084 653 1127 primus
671 1085 768 1118 dedit
784 1085 843 1119 ille
860 1087 1014 1130 petenti:

110 1129 134 1148 “
146 1128 293 1169 Pascite,
311 1132 352 1161 ut
367 1133 459 1171 ante,
478 1129 590 1173 boves,
607 1130 707 1174 pueri
722 1144 728 1169 ;
754 1131 950 1164 submittite
967 1130 1115 1164 tauros.'’

142 1173 182 1206 M
186 1184 237 1207 Et.
263 1173 456 1208 Fortunate
474 1186 590 1219 senex,
608 1187 687 1219 ergo
705 1180 767 1209 tua
783 1188 866 1210 rura
880 1177 1095 1213 manebunt!

111 1218 160 1252 Et
177 1219 242 1252 tibi
259 1231 387 1263 magna
404 1221 497 1263 satis,
509 1222 668 1265 quamvis
686 1222 774 1266 lapis
792 1223 908 1257 omnia
924 1223 1040 1258 nudus

110 1265 316 1309 Limosoque
333 1266 434 1309 palus
451 1266 601 1300 obducat
618 1279 746 1311 pascua
757 1270 874 1312 junco.

111 1310 192 1345 Non
209 1311 347 1344 insueta
363 1323 486 1354 graves
502 1313 692 1347 tentabunt
708 1314 838 1358 pabula
853 1315 943 1349 fetas
958 1327 966 1355 ;
1189 1318 1234 1350 50

112 1357 186 1391 Nec
202 1357 296 1390 mala
312 1358 420 1391 vicini·
437 1359 569 1402 pecoris
586 1360 747 1403 contagia
764 1360 902 1394 laedent.

113 1403 305 1436 Fortunate
323 1414 437 1447 seneX,
455 1404 511 1437 hic
528 1405 620 1438 inter
635 1405 782 1440 flumina
797 1412 881 1440 nota

112 1448 160 1483 Et
176 1449 290 1482 fontes
309 1460 422 1483 sacros
439 1450 550 1494 frigus
567 1451 723 1495 captabis
741 1463 895 1495 opacum.

113 1494 208 1528 Hinc
225 1495 300 1537 tibi,
318 1506 395 1538 quae
414 1508 547 1540 semper
564 1497 677 1531 vicino
695 1497 739 1531 ab
755 1498 868 1532 limite
882 1510 988 1544 saepes

112 1540 272 1584 Hyblaeis
289 1541 411 1585 apibus
429 1542 546 1575 florem
563 1543 707 1587 depasta
723 1543 846 1586 salicti,

112 1585 213 1630 Saepe
229 1586 298 1620 levi
316 1598 474 1620 somnum
492 1588 650 1622 suadebit
666 1589 754 1622 inire
771 1601 908 1624 susurro
924 1602 932 1624 :

112 1632 209 1666 Hinc
225 1632 298 1666 alta
315 1633 379 1666 sub
395 1645 481 1678 rupe
494 1638 596 1668 canet
611 1635 790 1669 frondator
805 1635 850 1669 ad
866 1647 967 1669 auras
981 1648 990 1677 3

111 1677 148 1714 N
149 1689 187 1712 ec
203 1682 322 1713 tamen
339 1679 472 1713 interea
487 1691 611 1723 raucae,
628 1685 691 1715 tua
707 1692 799 1723 cura,
816 1681 1004 1726 palumbes,

112 1723 186 1761 Nec
203 1735 340 1768 gemere
357 1726 452 1760 aeria
469 1726 615 1760 cessabit
631 1731 749 1761 turtur
765 1727 808 1762 ab
825 1727 928 1761 ulmo.
