1345 1927
108 17 171 48 142
405 14 441 48 P.
468 13 672 48 VIRGILII
698 12 911 47 MARONIS

106 80 212 113 Hunc
229 80 379 124 petimus
396 81 487 123 fessi,
505 85 540 114 et
556 92 671 125 parvae
689 81 904 114 succedimus
920 80 1019 114 urbi:

105 125 242 159 Ancora
259 126 301 159 de
318 137 418 170 prora
430 126 563 169 jacitur
577 139 585 167 ;
611 130 706 160 stant
723 126 823 159 litore
840 137 983 170 puppes.

153 171 278 214 “Ergo
296 170 472 214 insperata
489 172 631 206 tandem
650 174 774 208 tellure
793 175 907 218 potiti,

106 215 379 258 Lustramurque
396 216 421 249 J
423 216 488 258 ovi,
506 217 664 260 votisque
680 218 897 250 incendimus
914 227 990 250 aras
1004 228 1013 258 ;

106 261 278 306 Actiaque
296 261 410 295 Iliacis
428 261 640 295 celebramus
658 262 761 296 litora
778 262 878 296 ludis.
1155 263 1222 295 280

107 306 280 341 Exercent
296 307 427 352 patrias
444 307 517 341 oleo
533 307 672 341 labente
688 308 866 352 palaestras

105 352 140 386 N
141 353 240 386 udati
258 354 350 387 socii.
398 353 510 386 Juvat
527 354 673 387 evasisse
689 358 742 387 tot
758 354 859 388 urbes

107 398 295 442 Argolicas,
311 399 509 442 mediosque
525 399 647 443 fugam
664 399 815 433 tenuisse
832 411 892 444 per
909 399 1031 434 hostes.

108 444 247 478 Interea
263 455 430 488 magnum
448 444 497 477 sol
515 445 799 479 circumvolvitur
815 457 958 489 annum,

106 489 153 523 Et
169 490 325 534 glacialis
342 490 452 523 hiems
468 489 688 533 aquilonibus
705 496 842 534 asperat
859 491 979 525 undas.

106 535 190 569 AEre
206 547 290 569 cavo
307 535 469 579 clipeum,
485 535 605 579 magni
621 540 799 579 gestamen
816 537 974 580 Abantis,

107 581 268 615 Postibus
285 581 436 614 adversis
453 581 531 624 figo,
549 585 584 614 et
600 592 674 614 rem
689 582 841 615 carmine
859 583 956 626 signo
970 594 977 616 z

106 627 245 661 AENEAs
264 636 346 660 HAEc
365 637 412 659 DE
430 626 575 660 DANAIS
594 637 815 661 vmromnns
834 638 948 662 ARMA.

107 673 278 717 Linquere
295 676 372 705 tum
388 675 509 716 portus
521 672 637 716 jubeo,
654 677 689 706 et
706 674 882 707 considere
899 674 1068 708 transtris,

107 719 274 752 Certatim
291 718 373 752 socii
390 718 522 752 feriunt
538 730 643 762 mare,
661 723 696 752 et
713 730 849 763 aequora
865 724 1018 754 verrunt.
1159 721 1226 752 290

108 764 278 798 Protenus
296 765 408 798 aerias
426 764 614 798 Phaeacum
630 764 872 799 abscondimus
889 777 994 810 arces,

109 810 295 854 Litoraque
312 810 410 854 Epiri
426 810 584 853 legimus,
602 815 774 855 portuque
792 811 948 845 subimus

108 856 270 899 Chaonio,
288 859 323 889 et
340 856 466 890 celsam
483 856 648 890 Buthroti
665 857 860 890 accedimus
877 857 1007 891 urbem.

158 903 177 919 ‘⁴
192 903 260 936 Hic
278 902 490 936 incredibilis
507 914 623 936 rerum
640 903 735 937 fama
752 907 900 948 occupat
917 913 1026 945 aures,

108 948 307 982 Priamiden
325 947 501 980 Helenum
519 947 638 980 Graias
656 958 799 990 regnare
816 959 877 991 per
894 947 1006 991 urbes,

109 994 277 1038 Oonjugio
293 993 450 1027 AEacidae
468 992 593 1036 Pyrrhi
610 993 821 1037 sceptrisque
838 994 990 1037 potitum
1007 1006 1014 1034 ;

108 1041 155 1074 Et
172 1040 285 1085 patrio
302 1039 568 1072 Andromachen
584 1039 712 1072 iterum
729 1039 867 1072 cessisse
883 1039 1018 1074 marito.

110 1086 284 1130 Obstupui
299 1099 306 1127 3
331 1085 487 1129 miroque
503 1084 683 1118 incensum
701 1088 822 1129 pectus
839 1096 954 1118 amore

109 1132 322 1176 Compellare
339 1131 463 1174 virum,
481 1134 516 1163 et
533 1141 632 1164 casus
649 1142 852 1174 cognoscere
869 1135 994 1165 tantos

110 1178 314 1222 Progredior
330 1180 443 1222 portu,
462 1176 585 1209 classes
603 1180 638 1209 et
654 1176 757 1209 litora
773 1176 934 1220 linquens
948 1190 957 1218 ;
1159 1177 1229 1210 300

110 1224 285 1258 Solemnes
303 1234 410 1267 quum
426 1222 515 1255 forte
532 1222 637 1266 dapes
654 1226 689 1255 et
707 1222 822 1255 tristia
839 1223 939 1265 dona,

110 1271 203 1304 Ante
219 1269 340 1303 urbem
357 1269 394 1301 in
410 1268 498 1311 luco,
515 1268 595 1302 falsi
612 1268 799 1307 Simoentis
816 1269 860 1302 ad
876 1269 1018 1312 undam,

111 1316 258 1351 Libabat
276 1315 382 1349 cineri
400 1314 650 1357 Andromache,
666 1325 853 1359 manesque
869 1315 1016 1349 vocabat

112 1363 323 1396 Hectoreum
341 1361 385 1394 ad
401 1360 589 1403 tumulum,
606 1360 710 1394 viridi
727 1372 830 1404 quem
847 1361 975 1405 cespite
991 1361 1140 1403 inanem,

112 1409 159 1443 Et
175 1408 340 1452 geminaS‚
358 1418 498 1441 causam
514 1406 674 1450 lacrimis,
692 1410 885 1440 sacraverat
901 1418 987 1441 aras,

113 1455 162 1488 Ut
178 1466 234 1488 me
251 1454 431 1498 conspexit
448 1453 655 1496 venientem,
673 1457 708 1486 et
724 1452 827 1486 Troia
844 1452 974 1486 circum

113 1501 221 1534 Αηηᾶ
237 1511 355 1534 amens
373 1499 471 1541 vidit,
488 1499 624 1542 magnis
642 1499 811 1532 exterrita
827 1499 989 1532 monstris

113 1546 276 1590 Deriguit
293 1546 371 1579 visu
386 1545 424 1579 in
440 1545 553 1578 medio
568 1557 576 1586 ;
601 1544 694 1578 calor
710 1556 784 1578 ossa
800 1545 942 1588 reliquit
956 1557 964 1586 ;

114 1593 270 1635 Labitur,
288 1595 323 1626 et
339 1592 442 1635 longo
458 1591 519 1624 vix
536 1591 679 1624 tandem
695 1595 848 1635 tempore
866 1591 962 1625 fatur
976 1603 983 1624 ε

138 1641 276 1674 Verane
293 1643 327 1674 te
345 1639 461 1682 facies,
479 1650 581 1673 verus
598 1638 683 1672 mihi
702 1638 852 1673 nuncius
869 1637 980 1680 affers,
1177 1637 1245 1670 310
