1320 1932
317 215 359 251 P.
394 213 666 250 VIRGILII
704 210 983 247 MARONIS

245 310 282 365 C
434 308 481 364 U
631 306 672 363 L
823 306 863 361 E
1017 302 1060 358 X

460 415 528 448 AD
555 414 843 448 OCTAVIUM.

106 620 280 664 Lusmus,
298 622 431 666 Octavi,
448 623 570 666 gracili
585 623 789 658 modulante
806 624 939 666 Thalia,

105 668 230 711 Atque,
248 672 289 701 ut
305 668 465 711 araneoli,
482 674 623 702 tenuem
639 670 864 703 formavimus
881 681 1004 703 orsum.

105 713 284 746 Lusimus:
309 713 384 747 haec
400 718 540 758 propter
557 715 683 748 Culicis
701 716 770 748 sint
787 716 941 748 carmina
959 715 1062 758 dicta,

107 758 225 793 Omnis
241 763 283 792 ut
299 759 451 792 historiae
468 771 529 803 per
545 760 667 793 ludum
685 766 847 793 consonet
864 761 945 793 ordo

106 804 266 837 Notitiae:
292 805 418 837 ducam
435 816 543 847 voees,
559 805 640 837 licet
656 805 798 838 invidus
815 806 914 839 adsit.

109 850 271 893 Quisquis
288 850 354 883 erit
371 850 512 894 culpare
523 851 618 893 jocos
637 851 847 894 Musamque
864 855 1017 894 paratus,

107 895 262 928 Pondere
278 895 333 928 vel
351 895 478 928 Culicis
495 895 602 928 levior
618 896 780 940 famaque
797 896 936 929 feretur.

107 941 281 974 Posterius
297 941 453 983 graviore
470 952 550 974 sono
567 941 632 974 tibi
649 941 752 974 Musa
768 942 929 985 loquetur

107 987 241 1028 Nostra,
260 986 394 1020 dabunt
411 998 519 1030 quum
536 998 670 1020 securos
686 987 773 1019 mihi
790 991 945 1031 tempora
961 987 1106 1030 fructus,

109 1032 157 1065 Ut
173 1032 239 1065 tibi
256 1032 363 1075 digna
378 1036 440 1065 tuo
456 1032 632 1076 poliantur
648 1033 802 1065 earmina
819 1044 929 1066 sensu.

155 1077 294 1110 Latonae
310 1078 497 1121 magnique
514 1077 618 1110 decus
635 1078 660 1111 J
662 1078 744 1120 ovis,
761 1089 866 1112 aurea
882 1078 1002 1122 proles,

110 1123 260 1156 Phoebus
278 1123 344 1164 erit
359 1123 469 1156 nostri
484 1123 644 1167 princeps
662 1127 697 1156 et
714 1123 875 1157 carminis
892 1128 1022 1166 auctor,

110 1169 156 1201 Et
172 1169 348 1201 recinente
364 1168 440 1211 lyra
456 1168 581 1210 fautor,
600 1169 670 1201 sive
687 1169 813 1201 educat
829 1169 930 1201 illum

110 1214 213 1248 Alma
231 1214 417 1247 Chimaereo
435 1214 596 1247 Xanthus
613 1214 754 1257 perfusa
770 1214 914 1257 liquore,

111 1259 180 1293 Seu
196 1271 317 1292 nemus
334 1259 488 1301 Asteriae,
507 1271 567 1292 seu
585 1271 653 1302 qua
671 1259 836 1293 Parnasia
853 1271 957 1303 rupes

112 1305 205 1338 Hinc
222 1310 327 1348 atque
344 1305 426 1337 hinc
444 1305 565 1348 patula
582 1305 777 1348 praepandit
794 1316 922 1338 cornua
938 1305 1063 1347 fronte,

113 1351 340 1393 Castaliaeque
358 1361 481 1382 sonans
498 1350 630 1393 liquido
647 1350 734 1393 pede
750 1350 880 1383 labitur
898 1350 1002 1383 unda.

114 1397 237 1438 Quare,
255 1396 360 1429 Pierii
376 1395 490 1428 laticis
507 1396 620 1435 decus,
639 1395 696 1437 ite,
715 1407 842 1428 sorores

113 1442 254 1484 Naides,
271 1446 306 1474 et
324 1441 495 1474 celebrate
513 1441 616 1473 deum
633 1441 823 1484 plaudente
840 1440 972 1473 chorea.

114 1488 159 1520 Et
177 1487 252 1529 tibi,
270 1491 389 1519 sancta
407 1486 516 1528 Pales,
533 1487 577 1519 ad
595 1498 699 1529 quam
716 1491 864 1519 ventura
879 1485 1029 1519 recurrit

115 1532 302 1576 Agrestum
318 1532 409 1564 bona
425 1543 517 1574 cui-a,
535 1532 631 1575 sequi
649 1532 694 1564 sit
711 1542 794 1564 cura
810 1532 963 1564 tenentis

115 1578 242 1611 Ae'reos
258 1588 438 1610 nemorum
455 1582 587 1610 tractus
605 1577 776 1620 silvasque
792 1577 951 1610 virentes.

115 1623 162 1656 Te
180 1623 324 1655 cultrice
341 1634 450 1665 vagus
467 1622 576 1655 saltus
592 1622 682 1655 feror
698 1623 789 1655 inter
805 1627 841 1655 et
857 1627 961 1657 astra.

163 1669 212 1701 At
229 1673 279 1709 tu,
297 1668 354 1701 cui
370 1668 502 1700 meritis
519 1668 629 1701 oritur
645 1667 774 1700 fiducia
791 1667 930 1710 chartis,

118 1714 242 1747 Octavi
258 1713 462 1756 venerande,
479 1714 564 1747 meis
581 1712 730 1748 allabere
748 1713 879 1757 coeptis,

1179 989 1221 1019 lo

1182 1488 1228 1519 20
