1345 1927
100 89 143 121 70
408 87 445 121 Ρ.
464 87 668 121 VIRGILII
694 87 863 122 MARON
866 87 908 122 IS

97 154 235 188 Profuit
251 154 408 188 incensos
425 158 530 188 aestus
546 159 710 198 avertere,
728 159 763 188 et
779 156 870 188 inter

101 201 177 234 Ima
195 200 297 233 ferire
314 200 412 244 pedis
429 201 610 234 salientem
628 201 797 244 sanguine
814 211 958 242 venam3
1151 201 1220 234 460

97 246 239 280 Bisaltae
257 257 325 290 quo
341 257 435 279 more
453 246 574 289 solent,
591 258 738 290 acerque
756 247 915 290 Gelonus,

97 293 215 334 Quum
231 292 325 336 fugit
342 293 379 325 in
398 292 597 336 Rhodopen,
616 297 721 336 atque
737 293 775 325 in
792 293 927 326 deserta
944 292 1120 336 Getarum,

96 338 143 372 Et
161 338 215 371 lac
233 342 434 371 concretum
451 349 532 371 cum
550 339 720 382 sanguine
736 342 836 382 potat
852 339 987 382 equino.

143 384 257 426 Quam
274 384 395 428 procu]
411 388 474 418 aut-
490 384 587 417 molli
604 384 784 418 succedere
801 385 926 428 saepius
943 383 1075 418 umbrae

96 429 243 473 Videris,
261 434 323 463 aut
341 441 492 463 summas
510 435 710 474 carpentem
726 430 887 474 ignavius
904 430 1037 473 herbas,

95 475 368 520 Extremamque
386 476 492 519 sequi,
509 480 572 509 aut
587 476 701 509 medio
719 475 942 520 procumbere
959 487 1082 521 campo

94 521 310 564 Pascentem,
328 526 364 555 et
381 532 463 555 serae
481 521 589 555 solam
605 521 769 554 decedere
786 522 880 555 nocti
895 534 902 555 :

95 567 269 601 Continuo
286 567 427 611 culpam
441 567 532 600 ferro
550 578 735 611 compesce,
751 568 848 611 prius
865 578 971 612 quam

94 613 182 647 Dira
198 624 260 658 per
275 613 459 646 incautum
476 617 617 657 serpant
634 613 796 656 contagia
812 613 948 656 vulgus.

95 659 176 693 Non
192 664 267 692 tam
284 658 402 692 creber
418 670 525 703 agens
541 659 692 691 hiemem
708 659 781 691 ruit
799 670 935 702 aequore
951 658 1065 702 turbo,
1151 659 1220 693 470

97 705 211 747 Quam
226 704 349 738 mthae
366 705 542 749 pecudum
557 709 671 749 pestes
686 716 692 738 z
718 716 782 738 nec
799 705 939 748 singula
955 704 1067 738 morbi

96 751 246 795 Corpora
263 751 467 795 corripiunt,
485 750 544 784 sed
560 755 636 784 tota
653 751 774 784 aestiva
790 755 943 795 repente,

94 797 268 842 Spemque
280 808 488 841 gregemque
501 796 613 839 simul,
621 801 854 840 cunctamque
867 796 911 830 ab
924 797 1057 841 origine
1069 800 1219 841 gentem.

95 843 186 876 Tum
203 843 299 885 sciat,
316 843 430 877 aerias
446 842 552 886 Alpes
569 846 605 876 et
622 842 747 876 Norica
765 843 792 875 si
810 843 888 886 quis

96 889 247 923 Castessa
262 889 301 922 in
317 889 472 932 tumulis,
491 892 526 922 et
544 889 686 932 Iapydis
703 900 787 922 arva
803 888 948 931 Timavi,

94 934 129 968 N
130 946 199 968 unc
217 946 353 979 quoque
369 939 447 978 post
463 938 562 968 tanto
580 934 707 977 videat,
725 934 927 978 desertaque
945 946 1052 978 regna

95 980 289 1024 Pastorum,
307 984 343 1014 et
359 981 461 1024 longe
479 981 588 1014 saltus
604 980 744 1024 lateque
760 985 933 1013 vacantes.

144 1027 215 1060 Hic
233 1026 409 1071 quondam
425 1025 541 1060 morbo
559 1026 637 1060 eoeh·
653 1026 850 1059 miseranda
867 1030 984 1060 coorta
1001 1029 1052 1060 est

95 1072 306 1117 Tempestas,
324 1077 467 1116 totoque
484 1072 667 1106 auctumni
683 1072 867 1106 incanduit
885 1077 980 1115 aestu,

97 1118 143 1152 Et
159 1130 269 1163 genus
286 1129 387 1152 omne
403 1119 481 1151 neci
498 1118 672 1163 pecudum
689 1118 795 1161 dedit,
813 1129 913 1151 omne
930 1119 1084 1152 ferarum
1097 1131 1107 1161 ;
1154 1119 1224 1153 480

99 1165 330 1209 Corrupitque
346 1164 443 1197 lacus
458 1176 466 1205 ;
490 1164 614 1197 infecit
630 1164 760 1209 pabula
777 1164 867 1197 tabo.

97 1211 132 1244 N
133 1222 171 1244 ec
188 1211 246 1244 via
261 1211 382 1244 mortis
400 1214 474 1244 emt
491 1210 639 1254 simplex
654 1223 663 1251 ;
689 1210 748 1243 sed
764 1209 827 1243 ubi
842 1210 946 1254 ignea
962 1211 1060 1245 venis

99 1256 268 1290 Omnibus
285 1260 365 1290 acta
382 1256 457 1289 sitis
473 1256 614 1289 miseros
631 1256 827 1290 adduxerat
843 1260 951 1300 artus,

99 1303 232 1336 Rursus
249 1302 452 1336 abundabat
468 1302 598 1335 fluidus
614 1302 738 1346 liquor,
756 1302 940 1346 omniaque
956 1302 994 1336 in
1011 1313 1047 1336 se
1078 1329 1084 1335 .

31 1367 37 1369 -
99 1349 184 1382 Ossa
200 1348 405 1382 minutatim
420 1347 538 1381 morbo
555 1348 707 1392 collapsa
723 1347 894 1382 trahebat.

99 1394 197 1439 Saepe
213 1394 251 1427 in
267 1394 395 1427 honore
412 1394 518 1427 desim
533 1394 647 1428 medio
665 1398 759 1427 stans
777 1394 891 1427 hostia
906 1394 952 1428 ad
969 1405 1076 1439 aram,

99 1441 216 1474 Lanea
232 1440 317 1473 dum
333 1440 436 1474 nivea
453 1440 689 1474 circumdatur
705 1439 819 1473 infula
835 1440 935 1484 vitta,

101 1487 199 1520 Inter
216 1490 421 1520 cunctantes
439 1486 565 1520 cecidit
582 1485 791 1520 moribunda
807 1486 993 1521 ministros.

99 1533 174 1566 Aut
191 1533 218 1565 si
236 1543 342 1576 quam
358 1532 447 1566 ferro
463 1536 678 1566 mactaverat
695 1536 777 1565 ante
795 1532 961 1576 sacerdos,

101 1579 188 1611 Inde
204 1589 317 1622 neque
333 1578 504 1622 impositis
520 1578 645 1611 ardent
661 1578 787 1611 altaria
803 1577 908 1621 fibris,
1154 1579 1224 1612 490

99 1624 173 1658 Nec
190 1635 352 1668 responsa
368 1628 483 1668 potest
500 1624 679 1657 consultus
695 1624 838 1657 reddere
854 1628 952 1657 vates
965 1636 974 1666 3

100 1670 152 1703 Ac
169 1670 230 1703 vix
247 1670 417 1714 suppositi
433 1670 622 1714 tinguntur
638 1670 807 1714 sanguine
823 1669 938 1714 cultri,

100 1715 312 1760 Summaque
323 1717 447 1760 jejuna
463 1716 559 1749 sanie
576 1716 773 1749 infuscatur
788 1726 901 1749 arena.

101 1761 196 1796 Hinc
211 1762 302 1796 laetis
319 1762 424 1797 vituli
440 1762 546 1807 vulgo
562 1762 761 1796 moriuntur
776 1761 815 1795 in
829 1760 946 1795 herbis
