1345 1927
121 113 164 144 68
434 109 472 144 Ρ.
491 110 697 144 VIRGILII
724 111 939 146 MARONIS
955 136 964 142 .

123 177 231 211 Illum
247 181 376 220 autem,
395 177 554 221 quamvis
571 178 660 211 aries
678 178 723 211 sit
741 179 910 212 candidus
927 179 1011 224 ipse,

121 223 231 267 Nigra
249 223 365 257 subest
383 224 452 256 udo
470 228 612 257 tantum
629 224 687 257 cui
704 224 828 268 lingua
843 225 973 268 palato,

122 269 251 313 Rejice,
268 281 312 302 ne
329 269 476 303 maculis
494 269 645 303 infuscet
663 270 792 309 vellera
809 270 915 314 pullis

121 315 357 356 Nascentum3
383 315 555 360 plenoque
571 315 683 348 alium
700 316 925 360 circumspice
942 327 1072 361 campo.
1183 319 1252 352 390

122 361 270 395 Munere
287 361 335 394 sic
352 362 453 395 niveo
470 361 571 404 lanae,
590 362 619 395 si
636 361 774 395 eredere
792 362 940 405 dignum
957 367 1019 406 est,

123 407 198 441 Pan
215 407 299 441 deus
317 407 477 441 Arcadiae
495 413 635 451 captam
653 412 698 450 te,
715 407 825 450 Luna,
843 408 980 451 fefellit,

123 453 170 487 In
186 465 327 487 nemora
343 454 416 487 alta
433 465 580 495 vocans3
606 465 670 487 nec
688 459 728 487 tu
745 459 930 498 aspernata
947 458 1138 488 vocantem.

168 500 218 533 At
235 499 292 532 cui
310 499 412 533 lactis
429 511 534 541 amor,
553 500 706 543 cytisum
723 499 882 544 lotosque
898 500 1098 544 frequentes

124 545 203 589 Ipse
218 557 328 578 manu
345 545 520 588 salsasque
537 545 629 579 ferat
647 545 860 590 praesepibus
878 546 1011 580 herbas.

123 591 218 625 Hinc
236 595 271 624 et
288 596 409 625 amant
425 591 550 624 fluvios
566 592 688 634 magis,
706 603 747 624 ac
763 592 874 635 magis
891 591 999 625 ubera
1017 592 1180 636 tendunt,

122 637 169 670 Et
186 637 266 671 salis
284 637 463 671 occultum
479 637 637 670 referunt
655 637 691 670 in
708 637 802 670 lacte
820 649 986 681 saporem.

123 683 233 717 Multi
244 684 320 728 jam
337 688 493 716 excretos
510 683 697 727 prohibent
715 694 735 716 a
751 684 923 717 matribus
940 683 1068 728 haedos,

124 729 311 773 Primaque
328 729 467 763 ferratis
483 729 673 773 praefigunt
691 740 749 762 ora
767 729 937 773 capistris.

125 775 225 816 Quod
243 780 407 819 surgente
424 775 481 808 die
497 775 647 808 mulsere
664 775 826 819 horisque
843 776 987 819 diurnis,
1186 778 1254 810 400

124 821 236 855 Nocte
252 826 439 865 premunt3
465 821 557 865 quod
570 822 646 865 jam
664 821 814 854 tenebris
832 826 867 855 et
885 821 954 855 sole
971 821 1128 866 cadente,

123 867 196 902 Sub
213 867 327 901 lucem
345 872 534 911 exportans
552 867 700 901 calathis
718 867 793 901 adit
810 868 937 912 oppida
954 871 1092 912 pastor3

123 913 197 947 Aut
213 925 316 958 parco
334 913 405 946 sale
423 913 644 957 contingunt,
662 913 837 957 hiemique
853 917 1037 958 reponunt.

169 960 203 992 N
204 971 242 993 ec
258 959 325 993 tibi
342 970 426 992 cura
443 970 571 992 canum
587 959 697 993 fuerit
714 964 905 1003 postrema:
931 960 990 993 sed
1009 971 1082 994 una

124 1005 267 1039 Veloces
285 1005 421 1050 Spartae
439 1005 575 1039 catulos
593 1016 777 1049 acremque
793 1005 984 1038 Molossum

123 1051 230 1085 Pasce
247 1063 320 1085 sero
337 1051 471 1095 pingui.
520 1051 713 1095 Nunquam
730 1051 931 1084 custodibus
947 1051 1018 1085 illis
1064 1057 1067 1060 “

122 1097 345 1131 Nocturnum
362 1097 509 1131 stabulis
527 1097 642 1130 furem
659 1098 889 1141 incursusque
905 1097 1080 1142 luporum,

122 1143 197 1177 Aut
213 1144 405 1188 impacatos
425 1155 446 1177 a
462 1148 560 1186 tergo
577 1143 730 1178 horrebis
749 1143 906 1177 Hiberos.

123 1189 222 1234 Saepe
239 1190 346 1223 etiam
363 1201 469 1223 cursu
485 1189 627 1222 timidos
645 1188 795 1233 agitabis
814 1200 970 1233 onagros,

123 1236 169 1269 Et
187 1236 331 1269 canibus
348 1235 510 1280 leporem,
529 1234 674 1268 canibus
691 1234 862 1268 venabere
879 1235 1019 1269 damas:
1185 1237 1255 1270 410

123 1281 222 1326 Saepe
237 1281 429 1315 volutabris
447 1281 564 1325 pulsos
582 1281 799 1314 silvestribus
819 1293 919 1325 apros

123 1327 272 1361 Latratu
289 1327 447 1361 turbabis
465 1338 581 1370 agens,
599 1331 804 1371 montesque
822 1338 883 1371 per
900 1327 990 1360 altos

124 1373 310 1417 Ingentem
329 1373 478 1407 clamore
495 1384 630 1417 premes
648 1373 693 1406 ad
709 1373 800 1406 retia
817 1384 968 1406 cervum.

170 1420 273 1453 Disce
290 1423 325 1452 et
342 1420 522 1452 odora-tam
540 1418 686 1452 stabulis
704 1419 892 1452 accendere
909 1419 1061 1462 cedrum,

125 1465 368 1509 Galbaneoque
386 1465 521 1509 agitare
537 1476 659 1508 graves
677 1465 797 1498 nidore
814 1465 1004 1508 chelydros.

123 1510 223 1556 Saepe
241 1511 304 1544 sub
321 1511 474 1544 immotis
493 1510 704 1555 praesepibus
721 1515 783 1544 aut
801 1510 894 1544 mala
909 1514 1011 1544 tactu

124 1557 253 1601 Vipera
270 1557 422 1599 delituit,
440 1557 634 1600 coelumque
652 1557 821 1590 exterrita
838 1557 951 1600 fugit3

122 1603 197 1636 Aut
215 1608 306 1637 tecto
324 1610 483 1636 assuetus
501 1603 640 1636 coluber
658 1603 840 1636 succedere
857 1608 892 1636 et
909 1602 1052 1646 umbrae,

122 1648 235 1682 Pestis
252 1649 375 1682 acerba
391 1648 506 1690 boum,
524 1649 709 1693 pecorique
727 1660 908 1693 aspergere
925 1649 1030 1691 virus,

122 1694 226 1728 Fovit
242 1695 399 1728 humum.
442 1695 533 1739 Cape
550 1706 635 1728 saxa
651 1706 769 1737 manu,
788 1706 873 1739 cape
888 1694 1020 1737 robora,
1037 1697 1167 1739 pastor,
1184 1696 1254 1728 420

122 1740 385 1784 Tollentemque
401 1741 514 1774 minas
531 1745 567 1774 et
584 1740 685 1774 sibila
703 1740 791 1774 colla
809 1745 1005 1774 tumentem

123 1786 261 1830 Dejice;
282 1788 424 1831 jamque
442 1788 527 1831 fuga
546 1787 710 1820 timidum
728 1791 835 1831 caput
853 1786 990 1820 abdidit
1007 1786 1089 1830 alte,
