1330 1932
454 102 671 138 AENEIDOS
699 103 789 137 LIB.
817 103 876 137 VI.
1155 105 1221 138 223

107 168 234 202 Missus
251 169 288 202 in
304 169 490 213 imperium
504 181 682 213 magnum.
731 170 795 204 Cui
811 169 936 203 deinde
953 168 1092 213 subibit,

106 215 186 248 Otia
202 215 262 258 qui
278 219 418 258 rumpet
434 215 566 258 patriae,
582 216 780 259 residesque
795 215 948 248 movebit

105 260 226 293 Tullus
242 261 281 292 in
300 271 396 293 arma
413 261 512 303 virm,
529 264 565 293 et
576 262 652 304 jam
668 261 812 294 desueta
828 260 1015 304 triumphis

102 305 262 349 Agmina.
311 306 423 346 Quem
434 307 541 349 juxta
558 307 714 350 sequitur
725 306 916 350 jactantior
932 306 1060 348 Ancus,

100 350 203 383 Nunc
220 362 356 394 quoque
369 352 445 394 jam
460 351 610 384 nimium
625 352 782 395 gaudens
798 351 1023 396 popularibus
1039 351 1143 385 auris.

101 395 161 428 Vis
179 400 214 429 et
231 396 433 439 Tarquinios
450 407 556 439 reges,
573 397 795 441 animamque
812 397 995 441 superbam

101 441 231 474 Ultoris
249 441 361 484 Bruti,
378 442 558 485 fascesque
574 443 691 476 videre
707 446 862 486 receptos
876 442 889 476 2

99 486 254 519 Consulis
271 487 457 530 imperium
474 487 532 520 hic
548 488 681 531 primus
699 499 874 532 saevasque
892 499 1025 521 secures
1149 489 1216 522 820

97 531 255 575 Accipiet
272 544 281 573 ;
305 536 475 576 natosque
491 537 599 576 pater,
616 545 707 567 nova
722 533 814 567 bella
829 538 1015 576 moventes,

97 576 153 610 Ad
170 589 308 621 poenam
326 578 473 621 pulchra
490 589 551 621 pro
568 579 729 612 libertate
745 579 892 622 vocabit,

97 621 229 655 Infelix
245 624 251 656 l
281 623 478 667 Utcumque
494 624 608 657 ferent
624 636 665 658 ea
680 625 776 658 facta
790 625 940 657 minores
954 636 961 658 :

95 667 221 701 Vincet
237 680 333 702 amor
349 669 470 712 patriae
487 669 700 713 laudumque
717 670 886 703 immensa
902 670 1037 714 cupido.

95 712 189 754 Quin
205 714 338 757 Decios,
356 714 553 758 Drusosque
570 715 700 758 procul,
718 726 917 759 saevumque
935 716 1045 749 securi

93 758 218 802 Aspice
236 759 458 803 Torquatum,
476 764 512 793 et
527 761 734 794 referentem
750 761 850 804 signa
867 761 1060 795 Camillum.

93 803 169 837 Illae
186 809 314 848 autem,
331 804 473 848 paribus
489 816 575 849 quas
591 806 726 848 fulgere
743 807 853 839 cernis
870 806 907 838 in
923 807 1037 849 armis,

92 849 281 884 Concordes
297 851 424 883 animae
441 861 545 892 nunc,
563 856 599 884 et
615 851 700 883 dum
716 856 817 884 nocte
833 856 1044 895 prementur,

90 893 172 928 Heu
190 899 362 938 quantum
377 896 470 929 inter
486 907 522 929 se
537 895 677 938 bellum,
695 897 724 929 si
739 897 874 930 lumina
890 897 973 930 vitae

89 939 295 984 Attigerint,
312 945 460 984 quantas
477 941 568 974 acies
584 946 803 986 stragemque
820 942 961 976 ciebunt
976 944 983 977 l
1141 945 1208 977 830

88 985 283 1029 Aggeribus
301 997 394 1019 socer
410 987 547 1030 Alpinis
563 991 670 1031 atque
685 999 763 1021 arce
781 988 932 1021 Monoeci

87 1030 308 1065 Descendens
321 1044 330 1073 3
354 1043 460 1076 gener
476 1032 628 1066 adversis
645 1033 837 1067 instructus
855 1034 946 1068 Eois.

86 1075 149 1120 Ne,
166 1077 276 1121 pueri,
294 1089 338 1110 ne
354 1081 456 1111 tanta
471 1078 596 1112 animis
613 1079 798 1112 assuescite
814 1079 906 1113 bella
919 1092 928 1120 ;

85 1120 165 1155 Neu
181 1123 304 1166 patriae
320 1123 453 1157 validas
469 1124 507 1157 in
524 1124 654 1158 viscera
670 1125 796 1158 vertite
813 1126 911 1159 vires.

86 1166 206 1211 Tuque
222 1169 323 1212 prior,
340 1172 382 1202 tu
398 1180 508 1213 parce,
526 1181 636 1213 genus
653 1171 713 1214 qui
730 1170 827 1204 ducis
845 1171 992 1216 Olympo
1006 1183 1015 1212 ;

85 1211 218 1256 Projice
234 1214 306 1247 tela
320 1225 438 1258 manu,
456 1215 597 1258 sanguis
613 1227 719 1249 meus

84 1258 149 1292 nle
166 1259 384 1303 triumphata
400 1260 571 1304 Capitolia
587 1261 632 1294 ad
649 1261 722 1295 alta
739 1262 903 1296 Corintho

84 1303 203 1337 Victor
219 1309 300 1348 aget
316 1316 464 1349 currum,
482 1306 578 1339 caesis
594 1307 740 1350 insignis
757 1307 909 1341 Achivis

81 1348 190 1383 Eruet
206 1350 267 1384 ille
282 1350 401 1394 Argoa
419 1351 778 1396 Agamemnoniasque
795 1353 970 1397 Mycenas,

81 1394 271 1440 Ipsumque
287 1396 466 1440 AEaciden,
483 1409 592 1441 genus
609 1399 851 1443 armipotentis
868 1399 998 1433 Achilli
1012 1411 1021 1441 3
1131 1402 1199 1434 840

80 1440 184 1474 Ultus
202 1453 282 1475 avos
300 1441 417 1486 Trojae,
435 1443 567 1487 templa
584 1448 619 1477 et
635 1447 804 1478 temerata
821 1445 998 1479 Minervae.

80 1486 164 1526 Quis
181 1491 225 1530 te,
243 1498 369 1531 magne
387 1488 480 1531 Cato,
497 1489 655 1532 tacitum,
672 1494 735 1523 aut
751 1494 796 1533 te,
815 1490 923 1534 Cosse,
940 1491 1115 1535 relinquat
1131 1492 1144 1526 3

79 1531 163 1572 Quis
181 1533 328 1566 Gracchi
344 1545 464 1577 genus,
481 1539 544 1568 aut
559 1535 722 1579 geminos,
740 1536 809 1570 duo
825 1537 976 1570 fulmina
991 1537 1084 1581 belli,

77 1576 265 1622 Scipiadas,
283 1579 417 1613 cladem
433 1579 561 1623 Libyae,
572 1592 747 1625 parvoque
763 1586 943 1626 potentem

76 1621 276 1657 Fabricium
290 1625 304 1659 ’.Ζ
327 1625 383 1658 vel
399 1629 435 1659 te
452 1626 556 1669 sulco,
575 1626 728 1670 Serrane,
747 1628 944 1662 serentem?

77 1668 152 1709 Quo
169 1670 299 1703 fessum
315 1671 448 1715 rapitis,
467 1671 566 1705 Fabii
582 1672 594 1706 2
620 1676 660 1706 tu
677 1672 855 1707 Maximus
872 1675 932 1709 ille
949 1686 994 1718 es,

76 1714 174 1748 Unus
191 1715 252 1759 qui
267 1716 365 1750 nobis
383 1718 580 1751 cunctando
595 1718 749 1752 restituis
766 1731 847 1754 rem.

75 1758 260 1796 Excudent
277 1762 338 1802 alii
355 1763 525 1807 spirantia
540 1763 679 1798 mollius
696 1775 774 1808 sera,
