1345 1927
140 75 207 106 222
451 74 487 108 P.
507 74 710 109 VIRGILII
737 75 951 110 MARONIS

140 139 226 173 Haec
242 143 320 173 tum
335 141 477 175 nomina
494 146 606 185 erunt,
619 153 714 176 nunc
731 147 814 176 sunt
831 143 904 176 sine
921 143 1061 177 nomine
1077 146 1187 179 terrae.

139 184 233 225 Quin
251 190 286 218 et
302 197 366 220 avo
384 187 545 220 comitem
563 199 634 221 sese
652 188 846 221 Mavortius
863 188 970 222 addet

139 229 306 264 Romuius
320 243 329 273 ;
353 231 511 266 Assaraci
529 244 633 277 quem
649 234 827 276 sanguinis
847 233 913 267 Ilia
929 238 1041 267 mater

138 275 282 310 Educet.
332 277 456 310 Viden’
473 282 514 311 ut
530 279 678 322 geminae
696 283 792 312 stant
809 279 938 312 vertice
956 279 1081 324 cristae,
1191 280 1258 316 780
1307 266 1325 331 Α

137 321 184 355 Et
199 326 299 366 pater
314 322 387 366 ipse
404 334 466 357 suo
482 324 646 368 supersim
658 325 733 367 jam
751 325 865 368 sig-nat
882 324 1037 359 honore?

136 366 192 400 En
208 367 324 412 hujus,
340 371 433 411 nate,
450 369 614 413 auspiciis
631 369 693 403 illa
708 370 843 413 inclyta
862 370 971 403 Roma

139 412 331 457 Imperium
347 415 457 457 terris,
475 415 608 448 animos
625 415 779 459 aequabit
797 415 955 460 Olympo,

138 457 348 502 Septemque
364 470 436 492 una
453 459 517 493 sibi
534 471 633 494 muro
650 461 880 494 circumdabit
897 472 1002 504 arces,

137 503 239 537 Felix
255 504 351 548 prole
367 505 483 538 virum
497 516 503 538 :
529 506 642 549 qualis
659 506 866 550 Berecyntia
883 511 995 541 mater
1322 522 1325 543 ι

138 548 325 582 Invehitur
341 560 447 583 curru
465 550 636 594 Phrygias
654 551 781 584 turrita
797 563 858 596 per
874 552 986 595 urbes,
1251 554 1255 556 ’

135 593 231 628 Laeta
247 594 351 628 deum
369 599 484 639 partu,
501 601 643 629 centum
660 596 841 640 complexa
857 602 1008 641 nepotes,

135 639 262 674 Omnes
279 640 459 684 coelicolas,
477 652 736 686 omnessupera
751 642 824 676 alta
841 646 1008 677 tenentes.

135 685 216 718 Huc
232 686 388 729 geminas
405 698 500 720 nunc
516 687 616 720 flecte
633 688 723 721 acies
739 701 746 729 ;
771 688 862 721 hanc
879 689 994 732 aspice
1010 692 1161 733 gentem,

134 730 375 776 Romanosque
391 735 479 766 tuos.
528 732 597 766 Hic
615 733 737 776 Caesar,
755 738 790 766 et
807 734 917 767 omnis
935 734 1006 769 Iuli
1185 736 1253 770 790

133 775 329 820 Progenies,
345 789 514 821 magnum
531 778 607 812 coeli
625 783 774 812 ventura
791 779 854 813 sub
871 791 982 814 axem.

133 821 203 856 Hic
219 822 282 865 vir,
299 823 358 856 hic
374 827 435 866 est,
453 823 519 857 tibi
536 835 639 868 quem
656 825 813 869 promitti
831 825 954 869 saepius
972 826 1082 870 audis,

131 867 314 911 Augustus
332 868 454 912 Caesar,
471 869 555 903 Divi
570 881 680 913 genus
694 881 701 903 :
727 881 833 904 aurea
849 871 975 904 condet

131 912 267 947 Saeeula
283 914 344 958 qui
360 925 479 948 rursus
496 914 606 958 Latio,
623 919 769 959 regnata
785 927 847 960 per
863 927 947 950 arva

131 958 281 992 Saturno
298 960 474 1003 quondam
489 972 497 1002 3
523 972 626 1005 super
643 965 678 994 et
695 961 922 995 Garamantas
940 965 975 996 et
993 962 1098 997 Indos

130 1003 287 1038 Proferet
302 1005 488 1049 imperium
502 1017 509 1040 :
529 1006 625 1049 jacet
642 1010 742 1040 extra
759 1007 871 1040 sidera
887 1007 1004 1052 tellus,

129 1049 242 1084 Extra
257 1050 342 1084 anni
358 1050 515 1095 Solisque
532 1052 616 1095 vias,
632 1051 694 1085 ubi
711 1052 842 1086 coelifer
858 1053 958 1087 Atlas

129 1095 243 1129 Axem
259 1095 402 1130 humero
419 1100 558 1141 torquet
576 1097 684 1131 stellis
704 1098 906 1132 ardentibus
923 1103 1056 1143 aptum.

130 1140 248 1186 Hujus
263 1141 302 1175 in
317 1141 509 1175 adventum
520 1144 597 1186 jam
612 1154 707 1176 nunc
723 1148 759 1177 et
777 1144 899 1188 Caspia
915 1156 1023 1189 regna

129 1186 314 1232 Responsis
330 1187 472 1221 horrent
489 1188 619 1231 divum,
638 1193 674 1222 et
690 1189 833 1223 Maeotia
849 1189 964 1233 tellus,
1122 1212 1151 1223 s
1181 1193 1250 1226 800

127 1232 175 1266 Et
192 1233 456 1277 septemgemini
474 1234 620 1268 turbant
637 1235 775 1279 trepida
791 1235 879 1269 ostia
896 1235 979 1270 Nili.

127 1277 200 1312 Nec
217 1289 296 1312 vero
313 1279 453 1313 Alcides
469 1283 611 1313 tantum
628 1280 763 1314 telluris
780 1280 890 1315 obivit
905 1294 914 1323 3

127 1323 263 1358 Fixerit
280 1325 465 1369 aeripedem
481 1337 619 1359 cervam
637 1326 728 1370 licet,
745 1331 809 1360 aut
826 1327 1036 1371 Erymanthi

126 1369 266 1404 Pacarit
282 1381 432 1415 nemora,
450 1375 485 1405 et
502 1371 649 1405 Lernam
666 1373 899 1406 tremefecerit
915 1384 999 1407 arcu
1015 1384 1023 1408 :

125 1415 160 1449 N
161 1427 199 1449 ec
215 1416 276 1460 qui
293 1417 486 1461 pampineis
503 1418 614 1451 victor
624 1419 714 1462 juga
729 1418 839 1452 flectit
856 1418 1000 1453 habenis

126 1461 237 1505 Liber,
255 1473 360 1506 agens
378 1463 466 1497 celso
483 1463 517 1496 N
517 1475 588 1507 ysae
607 1464 650 1497 de
666 1464 797 1498 vertice
812 1464 929 1508 tigres.

125 1506 172 1541 Et
189 1507 390 1542 dubitamus
407 1509 522 1543 adhuc
540 1510 708 1543 virtutem
725 1510 913 1544 extendere
928 1511 1059 1545 factis?

124 1553 198 1587 Aut
214 1558 328 1588 metus
345 1554 500 1589 Ausonia
516 1555 677 1600 prohibet
693 1556 877 1590 consistere
894 1560 986 1591 terra
1000 1556 1014 1591 ’ἱ

125 1599 210 1640 Quis
226 1600 347 1644 procul
363 1601 422 1634 ille
439 1606 557 1635 autem
574 1602 679 1635 ramis
696 1602 843 1646 insignis
859 1602 960 1636 olivae

124 1644 228 1679 Sacra
245 1646 357 1680 ferens
373 1647 386 1680 2
410 1647 521 1681 Nosco
538 1648 649 1681 crines
666 1648 862 1692 incanaque
877 1651 997 1682 menta
1174 1651 1241 1684 810

124 1690 228 1735 Regis
247 1692 403 1736 Romani,
421 1693 553 1738 primus
570 1694 631 1738 qui
648 1693 782 1738 legibus
799 1693 920 1728 urbem

123 1737 312 1781 Fundabit‚
330 1739 476 1773 Curibus
493 1740 609 1784 parvis
626 1744 661 1774 et
678 1751 831 1784 paupere
846 1743 940 1775 terra
