1345 1927
100 56 165 87 184
409 54 446 89 Ρ.
465 55 669 89 VIRGILII
694 55 909 90 MARONIS

99 121 251 164 Balteus,
269 125 305 155 et
322 123 423 156 tereti
442 122 616 156 subnectit
633 122 741 156 fibula
757 134 895 166 gemma
909 135 916 163 ;

97 166 235 200 Tertius
253 167 416 212 Argolica
433 169 498 202 hae
515 169 615 212 galea
632 173 818 202 contentus
836 164 960 202 abit0.’'

100 213 186 247 Haec
203 213 264 247 ubi
281 214 387 258 dicta,
403 214 518 248 locum
536 215 690 259 capiunt,
709 215 875 258 signoque
892 218 1034 258 repente

99 258 300 304 Corripiunt
318 261 431 304 spatia
447 260 578 304 audito,
596 260 772 303 limenque
788 260 1003 304 relinquunt,

99 304 210 339 Effusi
227 305 344 340 nimbo
361 306 489 340 similes
503 319 512 348 3
537 306 641 339 simul
658 306 784 339 ultima
801 306 952 349 signant.

100 349 237 385 Primus
254 351 337 395 abit,
354 352 524 396 longeque
543 358 624 386 ante
641 352 757 385 omnia
774 363 915 395 corpora
928 351 1034 385 Nisus

98 395 246 440 Emicat,
264 404 299 431 et
317 399 429 431 ventis
447 404 482 432 et
499 398 657 431 fulminis
674 398 766 431 ocior
782 397 856 431 alis.

96 441 282 476 Proximus
300 444 392 487 huic,
411 444 514 488 longo
531 444 590 477 sed
607 444 786 488 proximus
804 443 997 486 intervallo,
1149 446 1218 478 320

97 487 302 533 Insequitur
319 489 434 523 Salius
449 502 457 530 ;
482 490 594 533 spatio
612 494 689 533 post
706 489 831 522 deinde
847 489 968 523 relicto

95 533 234 567 Tertius
251 534 426 579 Euryalus
440 547 447 569 :

94 578 359 625 Euryalumque
377 581 548 624 Helymus
566 581 723 624 sequitur
739 593 747 620 ;
773 592 841 623 quo
859 580 983 614 deinde
1001 581 1064 614 sub
1080 581 1154 626 ipso

97 625 188 660 Ecce
204 627 309 670 volat,
327 627 527 670 calcemque
545 626 627 659 terit
639 627 714 670 jam
731 626 824 659 calce
842 626 971 669 Diores,

98 671 309 705 Incumbens
326 672 469 706 humero
484 685 493 713 ;
518 672 632 716 spatia
649 677 684 705 et
701 672 729 705 si
746 672 848 716 plura
865 672 1049 716 supersint,

97 717 265 752 Transeat
281 718 419 763 elapsus
437 719 539 762 prior,
557 718 804 761 ambiguumve
821 717 1004 762 relinquat.

96 763 249 808 Jamque
266 764 338 798 fere
355 765 466 808 spatio
484 770 649 806 extremo,
667 764 827 808 fessique,
845 763 908 797 sub
924 764 1037 808 ipsam

95 808 220 843 Finem
236 810 474 844 adventabant
489 822 495 843 :
522 810 590 843 levi
608 821 688 843 cum
705 810 875 852 sanguine
891 809 998 843 Nisus

95 854 243 889 Labitur
260 855 396 899 infelix,
415 856 511 889 caesis
529 861 569 889 ut
585 856 674 889 forte
687 856 848 899 juvencis

95 900 209 935 Fusus
226 902 373 935 humum
392 902 585 946 viridesque
603 912 705 946 super
720 901 951 935 madefecerat
967 900 1098 936 herbas.
1147 904 1216 936 330

96 946 166 981 Hic
178 948 319 991 Juvenis
331 949 407 992 jam
425 948 535 981 victor
551 958 657 981 ovans
674 947 822 991 vestigia
839 958 954 991 presso

96 992 203 1026 Haud
221 994 336 1027 tenuit
353 993 508 1027 titubata
526 993 595 1027 solo
610 1006 618 1034 ;
643 993 702 1026 sed
719 1004 848 1037 pronus
865 993 902 1026 in
919 993 993 1037 ipso

96 1038 255 1072 Concidit
271 1039 521 1083 immundoque
539 1038 619 1072 fimo
637 1050 801 1082 sacroque
818 1039 947 1072 cruore.

94 1084 174 1118 Non
191 1089 310 1119 tamen
326 1085 482 1128 Euryali,
500 1096 569 1118 non
586 1084 645 1118 ille
662 1084 790 1118 oblitus
807 1095 986 1119 amorum:

94 1129 186 1164 Nam
202 1142 274 1165 sese
291 1131 453 1175 opposuit
470 1130 562 1165 Salio
580 1142 641 1175 per
657 1130 791 1164 lubrica
809 1141 952 1174 surgens
967 1143 976 1171 ;

94 1175 160 1210 Ille
176 1182 296 1210 autem
313 1177 422 1221 spissa
434 1177 549 1220 jacuit
566 1176 744 1209 revolutus
761 1187 875 1209 arena.

94 1221 233 1257 Emicat
251 1222 434 1266 Euryalus,
452 1226 487 1255 et
503 1233 646 1255 munere
664 1222 774 1254 victor
790 1221 894 1255 amici

95 1268 213 1302 Prima
229 1272 335 1311 tenet,
353 1268 548 1312 plausuque
566 1268 661 1301 volat
677 1267 889 1311 fremituque
906 1268 1065 1302 secundo.

95 1314 178 1347 Post
197 1314 369 1358 Helymus
386 1313 489 1356 subit,
507 1318 542 1347 et
559 1325 653 1347 nunc
671 1313 776 1346 tertia
792 1313 909 1357 palma
926 1313 1054 1348 Diores.

94 1360 163 1393 Hic
181 1364 296 1393 totum
313 1371 425 1394 caveae
443 1371 639 1393 consessum
658 1360 821 1402 ingentis,
839 1363 874 1393 et
891 1370 950 1393 ora
1145 1362 1213 1394 340

94 1405 212 1439 Prima
229 1410 380 1450 patrum,
397 1405 535 1449 magnis
552 1405 666 1439 Salius
683 1405 891 1438 clamoribus
909 1405 1041 1450 implet,

93 1451 333 1495 Ereptumque
351 1451 428 1484 dolo
445 1451 544 1485 reddi
563 1451 627 1484 sibi
645 1451 755 1495 poscit
772 1451 946 1486 honorem.

92 1497 246 1531 Tutatur
262 1498 360 1531 favor
378 1497 582 1541 Euryalum,
601 1497 822 1541 lacrimaeque
840 1497 983 1541 decorae,

93 1543 231 1577 Gratior
248 1548 283 1577 et
300 1543 445 1588 pulchro
463 1544 604 1576 veniens
621 1543 658 1576 in
675 1554 814 1588 corpore
831 1544 951 1578 virtus.

93 1589 261 1633 Adjuvat,
279 1594 314 1622 et
330 1600 460 1632 magna
477 1589 668 1633 proclamat
685 1600 766 1622 voce
783 1589 913 1632 Diores,

92 1635 161 1676 Qui
178 1634 284 1668 subiit
301 1635 438 1679 palmae,
455 1635 654 1679 frustraque
671 1635 716 1668 ad
732 1635 875 1679 praemia
893 1635 990 1669 venit

91 1680 235 1723 Ultima,
254 1681 282 1713 si
300 1681 404 1725 primi
421 1681 513 1714 Salio
531 1680 728 1714 redduntur
744 1681 898 1715 honores.

91 1727 180 1760 Tum
198 1732 296 1771 pater
313 1726 451 1768 AEneas,
469 1727 486 1742 “
500 1726 657 1766 Vestra,''
677 1726 803 1769 inquit,
821 1726 994 1758 “munera
1011 1723 1107 1756 vobis
