1330 1932
399 59 618 93 AENEIDOS
643 59 730 94 LIB.
757 59 817 93 IV.
1104 59 1169 93 157

53 126 240 162 Candentis
256 137 369 160 vaccae
385 127 500 160 media
516 126 608 159 inter
625 137 754 160 cornua
770 126 889 159 fundit
904 138 912 167 ;

52 174 125 207 Aut
141 177 223 207 ante
239 184 298 206 ora
315 173 419 206 deum
435 172 583 216 pingues
601 172 773 216 spatiatur
789 172 834 205 ad
851 183 938 214 aras,

52 219 301 262 Instauratque
318 218 411 251 diem
427 218 536 260 donis,
552 217 796 261 pecudumque
812 217 956 251 reclusis

52 263 254 298 Pectoribus
270 264 410 297 inhians
427 264 595 307 spirantia
612 263 761 296 consulit
779 268 871 296 exta.

53 310 134 343 Heu
151 314 273 343 vatum
289 310 419 352 ignarae
435 314 570 342 mentes
585 310 592 342 ἔ
620 309 705 352 quid
722 313 803 342 vota
820 309 1005 351 furentem,

53 356 147 396 Quid
163 354 307 389 delubra
318 356 448 398 juvant
463 355 474 388 3
523 354 586 388 Est
603 354 716 387 mollis
733 354 874 388 flamma
890 354 1063 388 medullas

54 401 203 444 Interea,
220 405 256 434 et
272 401 422 433 tacitum
439 400 527 433 vivit
544 399 607 433 sub
624 404 762 444 pectore
778 400 917 434 vulnus.

54 447 176 480 Uritur
192 446 316 479 infelix
333 446 434 489 Dido,
450 450 593 489 totaque
610 450 759 489 vagatur

54 492 146 526 Urbe
162 492 280 525 furens
294 503 301 526 :
319 492 433 536 qualis
451 492 607 535 conjecta
623 503 724 525 cerva
741 491 879 535 sagitta,

55 538 168 579 Quam
183 537 304 582 procul
320 538 499 571 incautam
515 548 656 570 nemora
671 537 764 570 inter
781 538 896 573 Cresia
912 537 993 571 fixit
1128 536 1175 571 70

55 583 177 617 Pastor
192 594 298 627 agens
315 584 404 625 telis,
421 582 593 626 liquitque
610 583 751 616 volatile
767 583 898 616 ferrum

54 629 199 662 Nescius
214 641 220 663 :
245 629 308 662 illa
323 629 409 671 fuga
426 629 530 661 silvas
547 628 725 672 saltusque
741 632 906 672 peragrat

55 674 228 716 Dietaeos,
221 687 228 694 ·
253 674 362 708 haeret
377 674 480 707 lateri
496 674 610 707 letalis
627 674 770 708 arundo.

55 720 89 753 N
90 732 159 753 unc
176 720 290 753 media
306 720 442 753 AEnean
459 730 575 752 secum
591 731 653 763 per
668 720 797 753 moem'a
813 719 921 762 ducit,

56 765 281 809 Sidoniasque
298 769 450 798 ostentat
467 776 557 809 opeS‚
574 765 764 808 urbemque
781 770 963 816 paratam3

58 811 191 855 Incipit
207 811 313 854 effari,
330 810 538 854 mediaque
527 821 566 843 111
582 821 665 843 voce
681 811 833 844 resistit:

55 856 90 890 N
91 868 159 889 unc
176 856 306 899 eadem,
322 856 461 890 labente
478 856 544 898 die,
562 855 721 889 convivia
737 856 873 900 quaerit,

57 901 248 946 Iliacosque
264 902 392 935 iterum
409 902 550 935 demens
567 901 689 935 audire
705 901 838 935 labores

55 947 232 992 Exposcit‚
250 947 448 991 pendetque
465 947 594 980 iterum
608 947 785 981 narrantis
803 948 846 981 ab
863 959 930 982 ore.

58 993 150 1037 Post,
166 992 227 1026 ubi
244 993 398 1036 digressi,
415 993 603 1036 lumenque
619 992 764 1026 obscura
780 994 932 1027 vicissim
1130 995 1175 1027 80

57 1039 157 1072 Luna
173 1039 310 1082 premit,
328 1039 544 1082 suadentque
560 1038 722 1072 cadentia
739 1039 851 1072 sidera
869 1050 1014 1082 somn08‚

57 1084 136 1118 Sola
153 1085 252 1118 domo
268 1089 390 1117 maeret
407 1095 527 1127 vacua,
545 1085 731 1128 stratisque
747 1085 879 1118 relictis

59 1130 226 1163 Incubat:
252 1130 353 1163 illum
370 1129 492 1163 absens
509 1129 687 1163 absentem
704 1131 873 1175 auditque
890 1131 1064 1175 videtque.

57 1176 131 1209 Aut
147 1176 276 1219 gremio
294 1175 493 1217 Ascanium,
511 1176 676 1218 genitoris
693 1176 846 1219 imagine
863 1181 976 1221 capta,

57 1221 212 1264 Detinet,
228 1221 414 1254 infandum
431 1221 460 1253 si
476 1202 597 1253 {zallere
613 1221 722 1265 possit
738 1233 898 1256 amorem.

58 1267 138 1300 Non
155 1271 274 1310 coeptae
290 1272 479 1312 assurgunt
497 1270 631 1307 turres;
655 1278 725 1299 non
741 1278 838 1300 arma
850 1268 1018 1310 juventus

59 1312 216 1345 Exercet.
233 1316 395 1356 portusve
412 1316 474 1344 aut
491 1312 753 1355 propugnacula
769 1311 858 1345 bello

60 1357 152 1390 Tuta
167 1362 314 1409 parant:
340 1357 493 1401 pendent
510 1368 613 1400 opera
629 1358 836 1402 interrupta,
853 1358 1027 1402 minaeque

60 1403 242 1436 Murorum
258 1403 427 1446 ingentes,
445 1408 650 1446 aequataque
666 1403 829 1436 machina
846 1404 940 1437 coelo.

107 1448 220 1489 Quam
237 1448 339 1481 simul
356 1459 395 1481 ac
413 1448 476 1481 tali
493 1448 661 1492 persensit
677 1453 774 1492 peste
790 1450 901 1482 teneri
1133 1452 1178 1483 90

60 1494 147 1527 Cara
162 1494 187 1527 J
189 1494 262 1527 ovis
278 1495 416 1537 conjux,
432 1505 496 1527 nec
513 1494 643 1527 famam
659 1494 794 1528 obstare
810 1495 939 1536 furori;

61 1539 200 1573 Talibus
216 1540 419 1583 aggreditur
437 1540 606 1572 Venerem
622 1539 787 1573 Saturnia
804 1541 927 1574 dictis
920 1553 927 1559 ·

59 1586 77 1604 ‘⁶
93 1585 276 1628 Egregiam
293 1597 373 1618 vero
389 1585 530 1619 laudem
546 1591 581 1619 et
598 1586 708 1630 spolia
723 1586 841 1630 ampla
857 1587 993 1620 refertis

61 1629 183 1673 Tuque
199 1641 354 1673 puerque
371 1634 476 1670 tuus3
500 1641 669 1674 magnum
685 1635 721 1664 et
736 1632 960 1666 memorabile
977 1644 1117 1677 numen,

63 1675 143 1708 Una
159 1675 236 1708 dolo
254 1675 374 1709 divum
392 1676 420 1708 si
436 1676 567 1709 femina
584 1676 678 1710 victa
694 1677 843 1710 duorum
859 1682 920 1711 est.

64 1720 137 1754 Nec
153 1732 208 1754 me
224 1721 310 1755 adeo
325 1721 429 1765 fallit,
447 1722 595 1756 veritam
611 1726 647 1756 te
662 1724 790 1757 moenia
806 1730 935 1767 nostra,
