1330 1932
420 10 638 45 AENEIDOS
663 12 753 47 LIB.
779 11 847 47 III.
1129 16 1192 47 141

82 75 252 110 Obscenas
268 75 384 120 pelagi
400 76 490 110 ferro
506 77 635 111 foedare
651 78 815 112 volucres.

80 122 147 156 Sed
163 133 275 165 neque
292 122 364 155 vim
380 122 508 166 plumis
525 123 643 166 ullam,
659 135 724 156 nec
740 123 886 157 vulnera
902 127 999 169 tergo

80 167 270 211 Accipiunt
283 180 292 208 ;
317 167 488 211 celerique
503 168 590 211 fuga
607 168 670 201 sub
687 169 798 202 sidera
814 169 919 213 lapsae

79 212 253 247 Semesam
268 213 422 257 praedam
439 218 474 247 et
490 214 637 257 vestigia
652 214 746 247 foeda
761 214 976 258 relinquunt.

79 259 159 292 Una
175 258 213 291 in
228 259 391 302 praecelsa
408 259 563 292 consedit
578 271 664 303 rupe
682 259 826 303 Celaeno,

80 304 213 337 Infelix
229 308 336 347 vates,
353 304 554 348 rumpitque
569 305 660 338 hano
677 309 814 349 pectore
831 317 971 340 vocem:

79 349 89 366 ‘
102 349 241 382 Bellum
258 349 364 382 etiam
380 360 442 393 pro
459 349 550 383 caede
568 348 673 382 boum
691 349 877 393 stratisque
889 349 1059 393 juvenciS‚

79 393 390 436 Laomedontiaden,
407 393 583 427 bellumne
599 394 727 427 inferre
743 395 884 438 paratis,

77 440 124 473 Et
139 439 253 483 patrio
271 439 444 483 Harpyias
461 439 614 472 insontes
630 440 757 484 pellere
773 452 880 484 regno
894 440 906 474 2

76 484 234 529 Accipite
251 496 330 528 ergo
347 485 472 518 animis
488 489 593 529 atque
610 486 684 518 haec
700 497 778 519 mea
793 486 890 529 figite
907 486 1022 520 dicta:
1123 488 1191 520 250

77 531 161 571 Quae
179 529 307 564 Phoebo
323 534 423 574 pater
439 531 664 575 omnipotens,
680 532 769 564 mihi
785 531 938 565 Phoebus
954 531 1078 576 Apollo

77 576 256 618 Praedixit‚
273 576 369 609 vobis
387 577 572 609 Furiarum
589 588 651 620 ego
667 577 821 610 maxima
837 578 962 622 pando.

77 622 219 655 Italiam
235 633 338 654 cursu
354 622 473 665 petitis
485 634 493 663 ;
518 623 698 666 ventisque
715 623 846 656 vocatis

77 667 178 700 Ibitis
196 667 346 710 Italiam,
363 672 552 711 portusque
568 668 698 702 intrare
714 669 842 702 licebit.

76 713 144 746 Sed
160 724 228 746 non
245 717 327 746 ante
344 713 463 746 datam
481 714 626 756 cingetis
642 714 813 747 moenibus
830 714 961 758 urbem,

77 759 190 800 Quam
206 769 265 792 vos
282 758 357 791 dira
373 759 482 791 fames
498 763 693 803 nostraeque
710 760 839 803 injuria
856 760 960 793 caedis

76 802 242 837 Ambesas
260 802 400 846 subigat
416 804 517 837 malis
535 804 714 837 absumere
729 805 886 838 mensaS.’

122 849 142 866 “
156 848 258 882 Dixit
275 861 284 890 ;
308 853 344 882 et
361 849 398 882 in
416 849 539 883 silvam
552 850 676 894 pennis
692 849 811 884 ablata
826 851 964 895 refugit.

76 895 125 928 At
143 896 240 928 sociis
258 895 373 928 subita
389 895 525 938 gelidus
541 895 726 928 formidine
743 895 883 938 sanguis

76 941 238 984 Deriguit
253 953 261 982 ;
285 941 438 974 cecidere
454 941 562 974 animi
577 953 583 974 :
608 952 672 974 nec
684 942 759 984 jam
775 940 926 984 amplius
943 939 1058 982 armis,
1120 940 1189 972 260

76 986 143 1020 Sed
160 987 249 1019 votis
265 986 492 1031 precibusque
503 986 631 1030 jubent
648 997 830 1031 exposcere
846 997 977 1030 pacem,

76 1032 155 1066 Sive
172 1032 254 1075 deae,
272 1044 333 1065 seu
350 1032 420 1066 sint
436 1033 519 1065 dixae
536 1032 756 1076 obscenaeque
772 1032 938 1065 volucres.

76 1078 122 1111 Et
139 1081 238 1122 pater
254 1078 421 1112 Anchises
438 1078 546 1123 passis
563 1078 605 1111 de
622 1078 722 1112 litore
738 1077 862 1122 palmis

74 1123 231 1157 Numina
246 1135 374 1167 magna
390 1128 500 1167 vocat,
516 1125 724 1167 meritosque
740 1123 866 1157 indicit
884 1122 1029 1156 honores
1043 1133 1051 1157 z

77 1169 87 1186 ‘
101 1168 157 1211 Di,
174 1168 354 1212 prohibete
370 1169 482 1201 minas
500 1171 506 1203 ἓ
534 1168 579 1209 di,
597 1167 704 1200 talem
721 1168 868 1200 avertite
886 1177 1013 1210 casum,

79 1213 126 1247 Et
142 1214 273 1258 placidi
290 1218 424 1248 servate
440 1214 514 1258 pios
532 1214 550 1248 !'
589 1213 676 1246 Tum
693 1213 794 1246 litore
811 1213 933 1245 funem

74 1259 248 1302 Deripere,
268 1267 494 1301 excussosque
507 1256 608 1300 jubet
625 1256 744 1290 laxare
759 1256 932 1289 rudentes.

75 1305 239 1338 Tendunt
255 1303 333 1337 vela
347 1303 423 1336 noti
437 1315 444 1336 ε
469 1303 614 1336 ferimur
630 1301 872 1346 spumantibus
888 1300 1002 1344 undis,

76 1350 153 1391 Qua
169 1361 309 1383 cursum
325 1352 518 1392 ventusque
534 1347 811 1391 gubernatorque
827 1346 1006 1381 vocabant.

74 1396 100 1429 J
102 1407 158 1429 am
173 1395 288 1428 medio
304 1398 449 1439 apparet
464 1394 576 1427 fluctu
592 1404 769 1426 nemorosa
785 1392 993 1436 Zacynthos,
1119 1392 1188 1428 270

74 1441 356 1484 Dulichiumque,
372 1440 553 1483 Sameque,
571 1443 606 1472 et
623 1439 760 1472 Neritos
777 1439 887 1472 ardua
903 1438 1005 1473 saxis,

74 1487 270 1531 Effugimus
288 1486 444 1530 scopulos
462 1486 602 1528 Ithacae,
620 1485 760 1518 Laertia
775 1495 892 1527 regna,

74 1532 121 1566 Et
137 1537 265 1566 terram
281 1532 438 1565 altricem
457 1531 538 1565 saevi
554 1542 773 1564 exsecramur
789 1530 896 1563 Ulixi.

74 1578 160 1612 Mox
177 1582 212 1611 et
228 1578 388 1612 Leucatae
404 1577 562 1610 nimbosa
578 1576 759 1610 cacumina
774 1575 912 1619 montis,

73 1623 121 1658 Et
136 1624 341 1658 formidatus
357 1623 474 1657 nautis
491 1622 646 1667 aperitur
661 1621 794 1667 Apollo.
