1320 1932
542 85 817 120 CATALEOTA.
1171 87 1239 119 413

126 155 252 198 Multa,
269 166 381 199 neque
397 153 589 192 immeritis,
605 152 749 186 donavit
766 152 907 196 praemia
923 150 1083 194 alumnis,

170 202 316 235 Praemia
332 200 490 234 Messalis
507 199 661 232 maxima
677 198 870 242 Poplicolis.
1193 198 1240 231 40

125 247 216 280 Nam
234 247 318 291 quid
336 257 398 290 ego
415 245 575 278 immensi
590 255 775 277 memorem
793 244 910 277 studia
925 243 993 277 ista
1008 242 1158 278 laboris?

173 293 323 326 Horrida
339 291 423 336 quid
440 291 534 324 durae
550 294 706 334 tempora
722 289 882 323 militiae?

126 338 246 372 Castra
261 338 334 371 foro
351 337 478 379 solitos,
494 336 572 369 urbi
588 346 785 380 praeponere
802 339 924 378 castra,

171 385 257 417 Tam
273 383 393 428 procul
409 382 473 415 hoc
489 386 582 424 nato,
599 386 673 414 tam
689 381 809 425 procul
825 381 891 415 hac
907 381 1045 425 patria?

127 429 361 463 Immoderata
377 428 453 472 pati
464 429 541 471 jam
557 427 694 470 frigora,
708 428 854 471 jamque
872 426 1024 461 calores?

171 475 322 509 Stertere
339 474 395 507 vel
412 474 499 507 dura
516 484 613 518 posse
631 484 734 516 super
750 473 872 506 silice?

126 520 222 564 Saepe
239 524 371 554 trucem
388 519 530 552 adverso
547 519 680 563 perlabi
697 519 806 552 sidere
823 518 1002 552 Pontum?

173 566 271 610 Saepe
287 577 381 598 mare
398 565 557 598 audendo
573 565 720 608 vincere,
738 575 826 608 saepe
842 565 992 598 hiemem
1005 565 1019 598 ’1

127 612 224 656 Saepe
241 611 348 645 etiam
364 611 485 644 densos
502 610 691 643 immittere
709 622 831 654 corpus
848 611 886 643 in
902 610 1028 655 hostes,

173 658 397 691 Communem
412 656 495 689 belli
512 667 575 689 nec
592 656 750 689 timuisse
767 656 898 690 deum?
1199 660 1244 690 50

126 704 231 737 Nunc
248 703 372 736 celeres
389 702 490 735 Afros
507 702 730 746 perituraque
746 702 860 735 millia
875 702 1001 746 gentis,

174 749 290 782 Aurea
306 759 400 781 nunc
417 748 532 792 rapidi
547 747 694 780 flumina
710 748 806 781 adire
823 748 910 791 'Pagi
924 747 936 781 'l

126 795 160 828 N
162 805 230 827 unc
247 794 352 827 aliam
368 805 412 826 ex
428 794 498 827 alia
513 793 675 826 bellando
692 804 844 837 quaerere
861 797 1002 838 gentem
1015 793 1030 828 ‘I

174 840 320 873 Vincere
338 844 373 873 et
391 839 520 873 Oceani
536 839 664 872 finibus
680 839 851 872 ulterius?

126 884 206 920 Non
222 889 379 918 nostrum
395 889 456 928 est,
474 885 627 928 inquam,
646 889 764 918 tantas
780 885 955 929 attingere
971 886 1091 919 laudes
1106 898 1115 927 ς

175 931 269 973 Quin
285 931 397 964 ausim
413 930 478 963 hoc
495 931 602 963 etiam
618 930 741 974 dicere,
754 931 815 964 vix
832 931 1014 964 hominum
1030 936 1091 965 est.

129 977 219 1022 Ipsa,
236 977 311 1009 haec
327 977 402 1020 ipsa
417 977 531 1009 ferent
546 987 664 1009 rerum
679 981 908 1010 monumenta
924 989 985 1021 per
1002 978 1118 1011 orbem
1129 991 1186 1019 ;--

175 1023 256 1066 Ipsa
273 1022 338 1055 sibi
355 1022 533 1065 egregium
548 1022 643 1055 facta
660 1022 765 1055 decus
782 1023 929 1066 parient.

128 1069 198 1101 Nos
216 1079 265 1110 ea,
284 1078 362 1111 quae
379 1073 494 1100 tecum
511 1067 690 1101 finxerunt
707 1068 861 1101 carmina
877 1068 959 1112 divi,

176 1113 356 1157 Cynthius,
374 1118 409 1146 et
426 1113 548 1156 Musae,
566 1113 733 1157 Bacchus,
751 1119 787 1147 et
803 1113 938 1158 Aglaie.
1203 1118 1248 1150 60

129 1158 182 1204 [Si
199 1159 319 1192 laudes
335 1159 494 1202 aspirem,
512 1159 640 1192 humili
657 1159 717 1192 sed
734 1159 830 1193 adire
849 1160 1018 1194 Camena·
1009 1164 1037 1204 ,]

176 1204 213 1238 Si
229 1204 342 1248 patrio
360 1205 478 1238 Graios
495 1205 647 1238 carmine
663 1205 759 1238 adire
776 1205 863 1239 sales

130 1250 338 1283 Possumus:
363 1250 492 1294 optatis
509 1250 615 1294 plus'
599 1262 675 1294 Jam
692 1251 937 1295 procedimus’
927 1252 1021 1296 lpsis.

177 1296 253 1329 Hoc
270 1295 354 1329 satis
370 1299 430 1339 est,
449 1296 574 1340 pingui
590 1296 641 1329 m]
657 1296 745 1329 1111111
762 1308 842 1330 cum
859 1298 996 1342 populo.

256 1393 338 1427 XII.
363 1392 416 1426 IN
440 1392 695 1426 POMPEIUM
719 1381 940 1435 MAGNUM,
956 1393 1048 1428 VEL
1072 1392 1126 1428 IN

514 1449 868 1484 MITHRIDATEM.

178 1530 314 1575 Aspice,
331 1542 433 1575 quem
449 1531 565 1565 valido
583 1531 773 1564 subnixum
788 1531 899 1574 gloria
914 1542 1021 1575 regno

222 1576 339 1610 Altius
355 1581 391 1610 et
409 1577 487 1610 coeli
504 1576 641 1610 sedibus
658 1576 851 1610 extulerat!

177 1620 360 1655 Terrarum
376 1622 434 1656 hic
451 1622 541 1655 bello
557 1634 725 1666 magnum
741 1628 960 1656 concusserat
977 1622 1116 1664 orbem3

223 1667 293 1700 Hic
309 1679 407 1712 reges
423 1668 515 1701 Asiae
531 1668 683 1711 fregerat
699 1672 735 1702 et
751 1668 905 1712 populos.

133 1730 136 1732 v
180 1711 248 1746 Hic
265 1724 369 1757 grave
387 1714 566 1747 servitium
584 1713 658 1756 tibi,
671 1715 747 1758 jam
763 1714 837 1755 tibi,
857 1715 974 1748 Roma.
991 1714 1145 1756 ferebat3

225 1758 346 1793 Cetera
361 1771 514 1804 namque
531 1760 598 1794 viri
615 1760 757 1805 cuspide
774 1749 1022 1795 conciderant·
1013 1784 1024 1802 ,
