1345 1927
140 85 208 118 356
450 81 487 116 Ρ.
515 80 718 115 VIRGILII
746 80 960 114 MARONIS

141 150 382 195 Ascaniusque
399 161 511 184 comes
529 149 650 182 castris
668 152 820 182 statuere
837 152 1032 191 cruentum,

141 197 302 231 Alternos
319 196 423 240 longa
440 196 611 229 nitentem
628 194 770 238 cuspide
787 205 933 237 gressus.

141 243 258 286 Saevit,
275 246 311 276 et
327 242 479 275 infracta
496 241 652 274 luctatur
669 240 840 274 arundine
858 239 968 272 telum

142 289 293 333 Eripere,
311 287 512 332 auxilioque
529 287 632 329 viam,
650 298 728 330 quae
746 286 913 330 proxima,
932 284 1065 329 poscit:

143 335 234 368 Ense
251 338 367 368 secent
384 334 455 367 lato
472 333 611 376 vulnus,
629 332 760 375 telique
777 331 948 364 latebram

144 380 358 414 Rescindant
375 380 525 424 penitus,
544 389 684 422 seseque
701 378 738 410 in
755 377 847 410 bella
863 377 1057 410 remittant.
1198 377 1264 409 390

143 426 296 470 Jamque
314 426 435 459 aderat
452 424 582 458 Phoebo
599 428 681 457 ante
698 423 782 457 alios
800 423 948 456 dilectus
967 423 1061 467 Iapis

144 472 293 506 Iasides:
319 472 389 505 acri
406 471 582 515 quondam
601 470 658 503 cui
676 473 799 513 captus
817 480 932 502 amore

145 518 223 563 Ipse
241 529 320 551 suas
337 521 438 560 artes,
457 528 519 550 sua
535 527 690 558 munera,
707 515 809 548 laetus
827 514 952 558 Apollo

144 564 343 608 Augurium
361 562 601 605 citharamque
618 561 724 594 dabat
741 561 935 604 celeresque
953 559 1108 604 sagittas.

145 609 220 653 Ille,
238 615 279 643 ut
296 608 443 653 depositi
460 608 628 651 proferret
644 607 719 640 fata
735 607 900 651 parentis,

145 656 239 690 Scire
257 659 445 699 potestates
463 653 648 687 herbarum
665 663 836 696 usumque
853 651 1015 685 medendi

145 701 286 744 Maluit,
304 705 339 734 et
355 705 472 734 mutas
489 700 623 743 agitare
640 698 809 742 inglorius
827 703 927 731 artes.

146 747 272 782 Stabat
288 746 412 780 acerba
428 746 587 788 fremens,
606 745 784 788 ingentem
802 744 907 777 nixus
925 744 960 776 in
978 743 1126 786 hastam,

146 793 283 836 AEneas,
300 803 427 836 magno
439 793 612 836 juvenum
630 796 665 824 et
682 790 857 823 maerentis
876 789 946 822 Iuli

148 839 335 882 Comursu,
353 838 504 872 lacrimis
521 837 716 870 immobilis.
759 836 823 869 Ille
841 840 969 869 retorto
1201 835 1269 867 400

147 885 328 919 Paeonium
348 884 385 917 in
401 895 531 917 morem
549 883 662 916 senior
679 882 877 915 succinctus
895 882 1038 923 amictu,

147 930 265 964 Multa
281 941 387 963 manu
404 929 539 963 medica
557 928 747 972 Phoebique
765 927 964 972 potentibus
982 927 1097 960 herbis

148 976 394 1021 Nequidquam
412 975 574 1019 trepidat,
592 974 829 1018 nequidquam
847 973 981 1017 spicula
998 973 1123 1006 dextra

149 1022 333 1062 Sollicitat,
350 1026 559 1066 prensatque
577 1021 691 1054 tenaci
709 1020 839 1063 forcipe
855 1020 995 1052 ferrum.

149 1068 258 1102 Nulla
275 1068 368 1101 viam
385 1068 526 1100 fortuna
542 1067 634 1110 regit
649 1079 656 1106 ;
681 1065 772 1098 nihil
789 1070 910 1098 auctor
927 1064 1051 1109 Apollo

149 1114 320 1148 Subvenit
335 1126 343 1154 ;
368 1117 404 1147 et
421 1124 532 1146 saevus
550 1112 679 1156 campis
696 1111 807 1155 magis
825 1122 864 1144 ac
881 1111 992 1154 magis
1009 1110 1128 1144 horror

151 1160 351 1203 Crebrescit‚
369 1159 578 1204 propiusque
595 1158 728 1191 malum
745 1161 806 1190 est.
847 1157 872 1190 J
875 1169 931 1190 am
949 1157 1090 1201 pulvere
1108 1156 1233 1189 coefum

151 1206 251 1240 Stare
267 1206 389 1239 vident
404 1218 412 1246 ς
438 1205 657 1248 subeuntque
674 1203 816 1247 equites,
835 1207 870 1236 et
887 1203 1020 1247 spicula
1037 1202 1158 1235 castris

151 1252 268 1286 Densa
285 1252 417 1285 cadunt
433 1251 565 1284 mediis.
608 1250 641 1283 It
659 1249 768 1282 tristis
785 1249 828 1282 ad
847 1249 977 1282 aethera
995 1248 1123 1282 clamor

152 1298 353 1331 Bellantum
366 1298 549 1341 juvenum,
567 1300 602 1329 et
619 1295 705 1328 duro
723 1294 786 1328 sub
802 1295 918 1328 Marte
935 1294 1132 1328 cadentum.
1204 1295 1272 1327 410

154 1344 223 1377 Hic
242 1344 369 1386 Venus,
387 1343 532 1386 indigno
550 1342 624 1375 nati
643 1352 806 1374 concussa
823 1341 948 1382 dolore,

152 1390 380 1423 Dictamnum
397 1388 557 1433 genetrix
576 1387 707 1421 Cretaea
725 1387 837 1430 carpit
854 1386 897 1419 ab
918 1386 988 1430 Ida,

154 1434 347 1468 Puberibus
365 1434 499 1468 caulem
516 1434 607 1467 foliis
624 1437 659 1466 et
676 1433 757 1466 flore
775 1436 967 1466 comantem

155 1481 333 1525 Purpureo
348 1492 354 1514 :
379 1491 449 1513 non
467 1480 529 1513 illa
544 1479 626 1512 feris
644 1479 821 1522 incognita
839 1478 951 1522 capris

155 1527 329 1569 Gramina,
349 1537 458 1570 quum
475 1530 572 1569 tergo
590 1524 746 1558 volucres
763 1524 891 1557 haesere
909 1524 1057 1567 sagittae.

155 1572 232 1605 Hoc
251 1572 379 1615 Venus,
397 1572 540 1605 obscuro
556 1571 682 1604 faciem
699 1570 914 1603 circumdata
930 1569 1058 1612 nimbo,

155 1618 294 1652 Detulit
309 1630 317 1659 ;
342 1618 407 1651 hoc
424 1618 542 1650 fusum
559 1616 664 1650 labris
681 1614 943 1660 splendentibus
959 1626 1098 1649 amnem

158 1663 286 1706 Inficit,
305 1663 439 1697 occulte
456 1663 632 1696 medicans
647 1674 655 1702 3
681 1661 881 1706 spargitque
898 1660 1052 1695 salubres

156 1708 345 1742 Ambrosiae
363 1720 470 1751 sucos,
488 1712 522 1742 et
540 1707 743 1742 odoriferam
762 1717 960 1752 panaceam.

158 1754 259 1788 Fovit
276 1766 316 1788 ea
334 1755 461 1788 vulnus
478 1753 622 1799 lympha
638 1753 816 1798 longaevus
836 1753 930 1797 Iapis
1207 1752 1276 1785 420
