1320 1932
403 62 624 96 AENEIDOS
648 62 734 96 LIB.
763 63 863 98 VIII.
1127 67 1189 100 261

76 130 254 164 Stricturae
273 129 476 173 Chalybum,
494 132 528 162 et
545 129 741 162 fornacibus
758 129 849 173 ignis
866 130 1009 164 anhelat
1022 143 1032 172 ς

77 175 226 209 Vulcani
243 175 374 217 domus,
392 178 427 207 et
445 174 616 208 Vulcania
633 175 771 208 nomine
789 176 902 209 tellus.

77 221 152 254 Hoc
168 224 254 253 tunc
270 220 468 263 ignipotens
485 220 570 253 coelo
587 220 766 253 descendit
783 220 826 253 ab
843 221 924 255 alto.

77 266 220 300 Ferrum
237 265 444 298 exercebant
460 269 557 299 vasto
575 265 739 309 Cyclopes
756 266 793 298 in
810 270 920 309 antro,

74 311 296 354 Brontesque,
315 310 549 354 Steropesque,
567 315 602 344 et
618 312 733 345 nudus
749 312 903 345 membra
919 312 1121 356 Pyracmon.

75 357 140 390 His
157 356 383 389 informatum
398 356 559 389 manibus
571 357 646 399 jam
663 361 761 400 parte
779 357 889 401 polita

74 401 222 436 Fulmen
239 406 313 435 erat
329 413 338 442 3
362 405 435 434 toto
452 402 588 444 genitor
605 413 682 445 quae
700 402 851 446 plurima
868 403 951 436 coelo

73 447 202 491 Dejicit
218 447 256 480 in
273 451 381 480 terras
399 459 407 487 ;
431 458 511 490 pars
528 447 731 491 imperfecta
747 448 921 482 manebat.

74 492 154 526 Tres
171 491 289 525 imbris
306 492 390 526 torti
406 493 529 535 radios,
547 497 616 526 tres
633 493 735 526 nubis
752 505 888 537 aquosae

73 538 301 581 Addiderant,
317 538 417 571 rutili
434 541 502 571 tres
519 538 610 581 ignis
627 542 662 571 et
678 538 772 572 alitis
789 540 909 573 austri.
1123 542 1190 573 430

74 583 240 626 Fulgores
257 595 351 616 nunc
368 583 552 624 horrificos,
571 584 800 628 sonitumque,
816 589 1018 629 metumque

73 628 269 662 Miscebant
286 629 389 672 operi,
407 629 623 672 flammisque
640 630 842 673 sequacibus
859 631 936 664 iras.

74 673 178 707 Parte
195 674 265 707 alia
281 674 389 707 Marti
405 685 614 718 currumque
630 679 790 718 rotasque
808 676 962 709 volucres

74 719 270 761 Instabaut,
287 720 411 763 quibus
428 719 488 752 ille
505 720 603 763 viros,
621 720 746 763 quibus
764 721 895 754 excitat
912 721 1013 754 urbes
1027 734 1036 762 3

73 765 269 808 AEgidaque
285 765 498 807 horriferam,
516 764 663 798 turbatae
682 765 833 799 Palladis
851 778 955 808 arma,

74 810 240 843 Certatim
258 811 407 853 squamis
425 814 624 854 serpentum
640 822 792 854 auroque
808 811 975 855 polibant,

74 856 320 899 Connexosque
337 867 478 898 angues,
495 856 674 899 ipsamque
690 856 727 888 in
744 861 881 899 pectore
898 857 989 890 djvae

74 901 241 944 Gorgona,
259 901 394 934 desecto
412 905 604 934 vertentem
620 901 754 935 lumina
771 902 866 936 collo.

77 945 95 962 “
108 946 232 979 Tollite
248 944 406 988 cuncta‚’'
423 946 548 988 inquit,
566 947 583 962 “
597 951 795 989 coeptosque
811 946 946 980 auferte
963 946 1104 988 labores,

72 991 204 1024 AEtnaei
222 991 394 1035 Cyclopes,
411 997 446 1024 et
462 991 531 1024 huc
549 990 720 1024 advertite
736 994 888 1024 mentem
905 1003 910 1025 :
1120 994 1187 1025 440

73 1037 181 1070 Arma
196 1037 268 1070 acri
284 1036 443 1070 facienda
459 1036 541 1069 viro.
589 1037 621 1069 N
623 1048 692 1070 unc
709 1036 840 1070 viribus
857 1048 950 1080 usus,

73 1081 106 1115 N
108 1093 176 1114 unc
192 1081 352 1114 manibus
368 1081 507 1125 rapidis,
524 1082 617 1114 omni
634 1093 728 1115 nunc
746 1086 820 1115 arte
836 1083 1013 1126 magistra.

76 1126 297 1169 Praecipitate
313 1127 457 1160 moras.''
507 1126 579 1160 Nec
596 1126 696 1169 plura
713 1127 838 1159 effatus
855 1139 863 1168 ;
889 1133 924 1160 et
941 1128 993 1160 illi

74 1170 178 1203 Ocius
195 1171 382 1203 incubuere
397 1181 523 1212 omnes,
540 1170 737 1213 pariterque
751 1170 906 1204 laborem

74 1215 195 1248 Sortiti
211 1227 218 1248 τ
242 1215 322 1249 fluit
339 1226 383 1248 aes
400 1215 493 1257 rivis,
510 1215 654 1258 aurique
670 1215 852 1248 metallum
865 1227 874 1255 3

74 1261 338 1304 Vulnificusque
355 1259 497 1303 chalybs
514 1264 612 1293 vasta
628 1260 767 1293 fornace
783 1260 952 1303 liquescit.

76 1306 261 1349 Ingentem
278 1306 429 1349 clipeum
446 1305 645 1348 informant,
661 1317 771 1338 unum
788 1306 903 1339 omnia
920 1309 1040 1340 contra

73 1352 156 1385 Tela
173 1352 375 1384 Latinorum
390 1363 398 1391 ;
423 1354 648 1394 septenosque
664 1350 803 1383 orbibus
820 1351 915 1384 orbes

74 1397 285 1441 Impediunt.
334 1396 404 1428 Alii
422 1396 571 1429 ventosis
588 1396 727 1429 follibus
745 1407 846 1429 auras

72 1442 262 1485 Accipiunt
278 1441 497 1485 redduntque
513 1454 520 1481 3
545 1441 605 1474 alii
622 1441 805 1475 stridentia
822 1442 966 1485 tingunt
1121 1445 1188 1475 450

73 1488 156 1521 AEra
173 1488 270 1520 lacu:
296 1487 404 1530 gemit
420 1487 590 1530 impositis
607 1487 790 1520 incudibus
807 1491 957 1521 antrum.

73 1533 132 1566 Illi
149 1533 240 1565 inter
258 1544 327 1565 sese
345 1532 456 1566 multa
473 1533 507 1566 vi
524 1532 665 1565 brachia
682 1533 812 1566 tollunt

74 1579 115 1612 In
133 1589 325 1621 numerum,
343 1582 549 1621 versantque
565 1578 679 1611 tenaci
696 1578 826 1622 forcipe
842 1589 999 1612 massam.

119 1624 206 1657 Haec
223 1628 322 1667 pater
339 1623 459 1656 AEoliis
476 1628 637 1667 properat
654 1623 738 1656 dum
755 1624 918 1656 Lemnius
935 1625 1014 1670 oris,

73 1669 274 1703 Evandrum
291 1680 334 1701 ex
352 1669 477 1701 humili
494 1673 585 1702 tecto
601 1669 664 1702 lux
682 1669 827 1702 suscitat
843 1669 945 1712 alma,

73 1715 119 1749 Et
135 1714 301 1748 matutini
318 1714 498 1748 volucrum
515 1714 578 1748 sub
596 1714 746 1748 culmine
763 1719 895 1749 cantus.
