1320 1932
421 74 639 110 AENEIDOS
665 75 754 110 LIB.
780 75 845 110 XI.
1128 78 1196 112 327

79 139 133 175 Ne
149 153 238 185 vero,
255 153 300 176 ne
315 153 370 176 me
387 143 432 176 ad
445 143 532 176 tales
549 143 717 187 impellite
734 154 879 187 pugnas.

79 186 113 220 N
114 198 151 220 ec
167 188 255 220 mihi
272 199 351 221 cum
368 188 507 222 Teucris
523 189 637 222 ullum
654 194 730 233 post
748 193 847 222 eruta
864 188 995 221 bellum

78 231 248 276 Pergama
260 246 269 274 ;
294 245 357 267 nec
374 239 530 267 veterum
546 235 689 267 memini
706 234 847 267 laetorve
864 234 1044 268 malorum.
1126 237 1196 269 280

77 277 234 321 Munera,
253 290 329 321 quae
346 280 468 323 patriis
485 279 529 312 ad
545 291 600 313 me
617 280 763 323 portatis
780 279 823 313 ab
841 279 916 322 oris,

78 323 212 357 Vertite
229 324 274 358 ad
289 325 434 359 AEnean.
482 325 649 359 Stetimus
666 325 739 358 tela
755 336 876 369 aspera
893 329 1024 368 contra,

77 369 363 413 Contuh'musque
379 382 502 404 manus
517 382 523 404 :
549 375 691 414 experto
709 370 847 412 credite,
866 375 1018 414 quantus

76 414 119 447 In
137 415 288 459 clipeum
304 420 472 459 assurgat,
490 427 558 459 quo
575 416 713 449 turbine
731 421 890 461 torqueat
906 416 1056 451 hastam.

75 459 112 493 Si
129 460 198 493 duo
215 465 383 504 praeterea
399 461 486 495 tales
504 462 599 495 Idaea
616 462 754 495 tulisset

74 505 178 539 Terra
195 506 295 549 viros,
312 507 405 540 ultro
425 507 586 540 Inachias
604 507 753 541 venisset
769 507 814 541 ad
830 506 933 541 urbes

74 551 268 595 Dardanus,
285 556 321 585 et
338 552 444 585 versis
460 552 595 596 lugeret
613 553 745 586 Graecia
761 553 853 587 fatis.

75 596 253 641 Quidquid
270 597 363 641 apud
380 598 475 631 durae
493 602 664 631 cessatum
680 602 732 632 est
748 598 876 632 moenia
893 597 1013 642 Trojae,

74 641 234 676 Hectoris
251 643 438 687 AEneaeque
453 655 562 677 manu
579 643 723 677 victoria
741 644 884 677 Graium

73 687 196 731 Haesit,
214 692 249 722 et
266 689 302 721 in
320 689 493 722 decimum
509 689 658 732 vestigia
674 689 796 722 retulit
814 700 957 723 annum.
1120 691 1190 725 290

73 733 184 766 Ambo
201 734 334 777 animis,
352 734 452 768 ambo
469 735 622 778 insignes
638 735 882 778 praestantibus
899 734 1004 768 armis
1014 746 1024 776 3

73 778 142 812 Hic
159 779 289 823 pietate
306 780 408 823 prior.
457 780 588 813 Coeant
604 780 642 812 in
658 780 788 813 foedera
805 780 955 822 dextraeg

71 823 147 863 Qua
164 823 288 857 datur:
313 829 375 867 ast,
393 825 496 857 armis
514 829 722 858 concurrant
739 835 845 865 arma,
864 823 1004 857 cavete?

69 867 115 902 Et
131 880 291 912 responsa
307 870 410 902 simul
427 881 504 914 quae
522 870 601 910 sint,
619 881 681 903 rex
700 870 840 912 optime,
859 869 950 912 regis

68 914 215 956 Audisti,
233 922 268 948 et
285 926 360 959 quae
378 916 423 949 sit
438 926 565 959 magno
582 916 756 949 sententia
775 914 897 948 bello.’'

119 961 188 993 Vix
206 972 246 994 ea
262 961 370 1004 legati
385 974 393 1001 ;
418 962 602 1004 variusque
619 972 680 1004 per
696 972 755 994 ora
772 960 926 994 cucurrit

71 1005 288 1039 Ausonidum
305 1006 445 1040 turbata
461 1007 588 1040 fremor
602 1018 608 1040 :
635 1018 699 1040 ceu
716 1018 800 1040 saxa.
816 1010 997 1039 morantur

71 1051 188 1091 Quum
204 1052 341 1096 rapidos
358 1063 485 1094 amneS‚
502 1052 543 1085 fit
560 1052 676 1085 clauso
692 1052 831 1095 gurgite
848 1063 1015 1094 murmur,

72 1096 272 1141 Vicinaeque
289 1098 443 1130 fremunt
459 1098 543 1141 ripae
561 1098 812 1142 crepitantibus
829 1097 941 1130 undis.

71 1142 119 1176 Ut
135 1143 287 1186 primum
303 1143 432 1187 placati
449 1144 566 1183 animi,
584 1148 619 1176 et
636 1143 771 1187 trepida
787 1154 846 1176 ora
863 1142 1036 1186 quierunt,
1117 1145 1184 1176 300

69 1187 241 1221 Praefatus
258 1189 354 1221 divos
371 1189 454 1222 solio
470 1200 531 1222 rex
548 1189 626 1222 ’infit
643 1189 687 1222 ab
703 1188 774 1222 alto
789 1200 796 1222 :

116 1233 238 1267 “Ante
256 1233 416 1277 equidem
434 1244 568 1266 summa
586 1232 628 1265 de
644 1244 680 1266 re
697 1233 868 1274 statuisse,
887 1232 1013 1267 Latini.

68 1278 114 1312 Et
130 1279 264 1321 vellem,
283 1282 318 1312 et
333 1279 448 1311 fuerat
464 1278 588 1311 melius
603 1290 611 1318 ;
635 1288 705 1310 non
722 1280 876 1320 tempore
892 1275 956 1309 tali

69 1323 195 1367 Cogere
212 1323 407 1366 concilium,
425 1334 535 1367 quum
551 1334 665 1359 muros
682 1322 810 1355 assidet
825 1321 943 1354 hostis.

67 1369 205 1402 Bellum
221 1370 470 1413 importunum,
488 1369 588 1411 cives,
607 1379 685 1401 cum
701 1371 804 1410 gente
822 1367 973 1409 deorum,

68 1414 282 1459 Invictisque
298 1415 381 1448 viris
398 1415 558 1458 gerimus,
577 1425 661 1457 quos
677 1413 777 1446 nulla
792 1413 946 1456 fatigant

68 1460 205 1504 Proelia,
222 1471 287 1493 nec
306 1460 389 1493 victi
406 1463 549 1504 possunt
567 1460 731 1492 absistere
746 1459 845 1491 ferro.

66 1505 170 1550 Spem
187 1506 216 1539 si
233 1517 338 1549 quam
354 1505 495 1538 adscitis
511 1505 669 1538 AEtolum
685 1503 855 1537 habuistis
872 1503 910 1536 in
927 1502 1041 1545 armis,

66 1551 200 1585 Ponite.
234 1551 317 1595 Spes
335 1551 400 1584 sibi
415 1551 560 1594 quisque
574 1562 581 1584 :
599 1550 658 1583 sed
671 1550 747 1583 haec
764 1560 868 1593 quam
885 1552 1035 1592 angusta
1049 1547 1183 1583 videtis.

67 1596 189 1630 Cetera
206 1608 275 1640 qua.
290 1608 406 1629 rerum
419 1598 561 1640 jaceant
577 1595 737 1640 perculsa
751 1595 864 1637 ruina,
1114 1595 1184 1627 310

65 1641 159 1675 Ante
176 1642 291 1675 oculos
308 1642 468 1685 interque
484 1652 608 1674 manus
627 1645 709 1674 sunt
726 1640 842 1674 omnia
859 1644 998 1673 vestras.

65 1687 99 1720 N
100 1698 138 1720 ec
155 1699 365 1732 quemquam
381 1687 511 1720 incuso.
560 1687 681 1720 Potuit
699 1697 774 1730 quae
792 1685 943 1729 plurima
959 1685 1070 1718 virtus

66 1732 158 1776 Esse,
176 1733 256 1767 fuit.
304 1733 389 1767 Toto
407 1737 580 1766 certatum
597 1736 649 1766 est
666 1743 805 1776 corpore
821 1730 930 1774 regni,
