1345 1927
387 60 626 95 BUCOLICA.
673 60 768 94 ECL.
795 60 878 95 VII.
1163 62 1207 98 17

84 128 297 173 Exspectare
314 131 368 162 sat
385 134 437 162 est
451 141 460 169 3
485 134 600 162 custos
617 139 651 162 es
667 129 830 172 pauperis
846 128 947 163 horti.

83 174 117 208 N
120 187 189 208 unc
206 178 241 208 te
257 186 487 209 marmoreum
503 186 564 218 pro
582 178 735 218 tempore
751 174 916 216 fecimus3
941 177 978 208 at
995 178 1045 218 tu,

84 220 119 254 Si
137 221 252 254 fetura
268 231 408 264 gregem
425 220 647 264 suppleverit,
664 231 789 253 aureus
807 224 888 253 estO.

115 266 197 300 Con.
222 266 351 299 Nerine
369 265 522 309 Galatea,
539 266 660 309 thymo
676 265 764 298 mihi
781 265 914 299 dulcior
931 264 1069 310 Hyblae,

83 311 269 346 Candidior
286 311 412 355 cycnis,
428 311 556 344 hedera
572 311 750 344 formosior
766 310 854 354 alba,

83 357 200 398 Quum
216 358 367 401 primum
384 357 476 401 pasti
492 360 651 400 repetent
667 357 835 401 praesepia
851 356 955 400 tauri,

81 402 118 437 Si
135 414 205 447 qua
221 403 276 436 tui
293 403 480 446 Corydonis
497 403 603 435 habet
620 406 654 436 te
672 413 765 445 ema,
783 402 908 436 venito,
1157 404 1202 436 40

110 449 204 482 Tm.
228 448 338 482 Immo
356 458 418 492 ego
435 448 574 482 Sardois
591 448 709 482 videar
725 447 790 482 tibi
806 448 954 482 amarior
969 447 1094 491 herbis,

80 493 262 527 Horridior
278 505 387 537 rusco,
405 495 559 538 projecta
576 494 676 528 vilior
693 493 783 537 alga,

80 539 116 573 Si
133 539 221 572 mihi
237 551 306 573 non
323 539 397 573 haec
415 539 478 572 lux
495 544 568 573 toto
581 541 656 584 jam
673 539 806 583 longior
822 550 913 573 anno
931 542 992 574 est.

80 585 137 619 Ite
153 585 295 619 domum
311 585 412 630 pasti,
431 586 459 618 si
476 586 553 629 quis
570 585 692 629 pudor,
707 585 757 618 ite
770 585 923 628 juvenci.

110 631 193 665 COR.
219 631 371 664 Muscosi
387 632 509 673 fontes,
528 637 563 664 et
581 642 696 664 somno
713 631 849 664 mollior
864 629 980 674 herba,

77 676 125 710 Et
141 688 219 720 quae
236 688 294 711 vos
310 689 388 710 rara
405 677 525 711 viridis
542 677 631 720 tegit
648 676 792 710 arbutus
809 676 941 718 umbra,

77 721 273 756 Solstitium
289 723 404 767 pecori
421 723 597 755 defendite
611 735 619 763 ;
639 724 715 766 jam
733 722 829 755 venit
846 727 947 755 aestas

77 767 229 812 Torrida,
241 770 317 812 jam
333 769 412 801 laeto
430 772 574 811 turgent
589 768 626 800 in
644 768 788 811 palmite
805 779 959 810 gemmae.

107 813 201 848 ΤΗΥ.
227 814 296 847 Hie
312 814 418 856 focus,
437 817 472 846 et
488 813 592 846 taedae'
606 814 764 857 pingues,
781 813 838 846 hic
854 813 1026 857 plurimus
1043 813 1135 857 ignis

75 858 226 904 Semper,
240 863 275 893 et
292 860 430 893 assidua
446 864 559 903 postes
576 859 724 902 fuligine
740 859 850 902 nigri:
1153 861 1198 893 50

75 904 145 938 Hic
161 909 302 939 tantum
317 905 428 938 boreae
446 916 605 938 emamus
621 905 760 948 frigora,
777 907 950 948 quantum

74 950 148 985 Aut
164 962 347 984 numerum
364 951 478 995 lupuS,
496 955 557 984 aut
574 951 740 985 torrentia
756 951 902 984 flumina
917 950 1020 995 ripas·

106 997 189 1030 COR.
215 996 318 1030 Stant
336 1001 370 1030 et
382 997 548 1041 juniperi,
566 1000 601 1030 et
618 1001 788 1030 castaneae
805 996 949 1029 hirsutae
964 1009 973 1037 ;

73 1041 192 1076 Strata
203 1043 324 1087 jacent
340 1043 468 1086 passim
486 1054 548 1076 sua
564 1054 702 1086 quaque
720 1042 783 1075 sub
800 1041 917 1075 arbore
934 1053 1036 1087 poma
1049 1054 1059 1084 ;

75 1087 200 1122 Omnia
215 1100 310 1122 nunc
326 1089 441 1121 rident
455 1100 462 1122 ι
487 1092 534 1132 at,
553 1089 581 1121 si
597 1088 764 1122 formosus
781 1088 902 1121 Alexis

72 1133 253 1168 Montibus
270 1134 324 1167 his
341 1134 451 1178 abeat,
465 1135 582 1168 videas
600 1138 634 1168 et
650 1135 796 1168 flumina
814 1135 911 1168 sicca.

103 1179 197 1214 THY.
221 1180 307 1214 Aret
323 1192 405 1224 ager
419 1193 427 1221 ;
452 1180 537 1214 vitio
554 1181 702 1214 moriens
720 1181 795 1213 sitit
811 1180 902 1214 aeris
918 1179 1025 1214 herba
1034 1191 1045 1222 3

72 1224 175 1259 Liber
190 1226 391 1271 pampineas
409 1226 537 1260 invidit
554 1226 699 1260 collibus
715 1225 855 1260 umbras
869 1238 876 1260 :
909 1222 913 1226 ’

71 1270 244 1315 Phyllidis
261 1272 416 1306 adventu
432 1277 558 1306 nostrae
574 1284 697 1305 nemus
713 1283 814 1305 omne
830 1271 955 1306 virebit
968 1283 978 1313 3

71 1316 216 1361 Jupiter
232 1322 267 1351 et
283 1318 363 1351 laeto
381 1318 565 1351 descendet
582 1318 753 1362 plurimus
770 1317 881 1351 imbri.
1146 1319 1191 1351 60

103 1363 185 1397 COR.
210 1363 369 1408 Populus⁸
382 1364 514 1397 Aleidae
531 1364 738 1407 gratissima,
755 1363 836 1398 vitis
854 1362 989 1407 Iaccho,

70 1407 242 1442 Formosae
259 1414 395 1453 myrtus
413 1410 549 1453 Veneri,
569 1421 631 1442 sua
646 1409 765 1443 lamea
782 1408 911 1442 Phoebo
925 1421 933 1442 ε

70 1453 207 1498 Phyllis
223 1459 319 1488 amat
336 1456 468 1489 coi-ulos
483 1468 491 1497 ;
516 1456 594 1489 illas
612 1456 696 1488 dum
713 1455 848 1499 Phyllis
865 1453 1006 1498 amabit,

69 1499 104 1533 N
108 1511 146 1533 ec
162 1505 297 1544 myrtus
315 1501 431 1535 vincet
449 1501 591 1544 corulos,
607 1513 670 1534 nec
687 1501 806 1534 laurea
823 1500 954 1534 Phoebi.

101 1546 194 1580 ΤΗῩ.
219 1547 392 1580 Fraxinus
409 1548 445 1580 in
463 1547 557 1580 silvis
574 1547 816 1591 pulcherrima,
834 1548 937 1590 pinus
954 1546 991 1579 in
1007 1545 1126 1590 hortis,

70 1590 224 1636 Populus
240 1592 278 1625 in
293 1593 419 1635 fluviis,
437 1593 528 1626 abies
546 1593 583 1626 in
598 1592 774 1626 montibus
791 1593 871 1626 altis
885 1603 893 1626 :

69 1636 203 1682 Saepius
219 1643 256 1671 at
273 1638 302 1671 si
317 1651 382 1682 me,
400 1639 529 1683 Lycida
547 1639 702 1683 fonnose,
718 1639 855 1681 revisas,

69 1683 243 1717 Fraxinus
259 1684 297 1717 in
315 1684 408 1718 silvis
426 1685 526 1718 cedat
544 1684 618 1728 tibi,
636 1685 738 1729 pinus
756 1685 793 1717 in
810 1683 927 1717 hortis.

100 1729 195 1764 MEL.
213 1730 298 1763 Haec
311 1731 464 1774 memini,
476 1735 510 1764 et
524 1731 656 1765 vietum
669 1731 798 1763 frustra
811 1729 1017 1764 contendere
1030 1729 1187 1775 Thyrsin.

0 1804 7 1824 ι
69 1774 141 1818 [Ex
158 1775 217 1810 illo
235 1776 392 1820 Corydon
410 1777 566 1821 Corydon
584 1780 635 1810 est
653 1780 805 1822 tempore
823 1774 948 1821 nobis]
1145 1775 1188 1811 70

627 1830 643 1854 c
