1345 1927
384 67 621 114 BUOOLICA}
670 80 764 114 EOL.
793 81 853 115 lx.
1132 85 1170 115 21

53 144 179 190 Aspice
194 158 203 186 ;
227 147 394 190 corrlpuit
412 147 569 180 tremulis
586 147 713 181 altaria
729 148 876 182 flammis

53 190 183 235 Sponte
201 203 272 234 sua,
291 192 374 224 dum
391 193 478 225 ferre
496 204 618 235 moror,
636 194 722 226 cinis
740 194 820 237 ipse.
862 195 999 228 Bonum
1016 196 1061 229 sit
1076 197 1083 230 ἔ

53 236 176 270 Nescio
193 237 276 281 quid
294 241 386 271 certe
404 243 455 271 est
470 251 478 279 3
503 242 538 271 et
557 239 676 282 Hylax
694 239 730 271 in
748 240 868 272 limine
885 240 1002 274 latrat.

53 282 258 316 Credimus?
283 294 337 326 an,
356 284 415 327 qui
432 288 562 327 amant,
580 284 646 328 ipsi
664 285 726 317 sibi
746 286 878 318 somnia
894 286 1057 329 fingunt?

53 327 200 372 Parcite,
217 328 260 362 ab
277 329 361 362 urbe
379 330 484 372 venit,
497 330 572 373 jam
589 330 730 374 parcite,
749 331 913 375 carmina,
931 332 1118 376 Daphnis.’'

379 404 559 438 ECLOGA
585 405 644 438 IX.
670 405 845 439 MOERIS.

82 463 166 499 Lro.
191 464 266 506 Quo
283 468 327 509 te,
341 465 452 509 Moeri,
466 466 595 510 pedes?
620 478 675 511 an,
693 479 760 511 quo
778 468 834 501 via
852 468 958 512 ducit,
972 468 1009 501 in
1026 468 1174 503 urbem?

83 509 188 544 MOER.
214 510 241 544 Ο
259 511 398 555 Lycida,
415 512 487 546 vivi
503 513 732 556 pervenimus,
750 513 885 547 advena
901 515 1011 547 nostri

52 554 166 598 (Quod
183 567 365 600 nunquam
382 558 484 590 ve1iti
502 558 644 601 sumus)
663 565 704 591 ut
720 570 890 602 possessor
906 560 1010 604 agelli

51 599 188 634 Diceret
205 614 211 634 :
238 602 256 618 “
270 602 354 635 Haec
371 614 447 636 mea
465 607 546 636 sunt
562 616 570 644 3
594 608 724 637 veteres
741 605 890 648 migrate
907 604 1050 640 coloni.'’

52 645 156 679 Nunc
172 647 266 690 victi,
284 647 409 690 tristes,
428 647 592 690 quoniam
610 647 693 680 Fors
710 650 825 681 omnia
842 653 966 691 versat,

53 690 126 725 Hos
142 692 195 725 ilh'
214 692 320 736 (quod
337 704 400 725 nec
417 692 503 725 bene
520 693 648 736 vertat)
667 694 840 726 mittimus
858 694 983 728 haedos.

84 737 166 771 LYG.
193 738 291 771 Certe
308 738 468 781 equidem
484 738 671 782 audieram,
690 750 760 782 qua
777 750 811 771 se
829 739 1018 773 subducere
1035 739 1139 773 colles

53 781 243 827 Incipiunt,
259 783 425 826 mollique
437 785 564 827 jugum
581 784 763 817 demittere
780 785 878 827 clivo,

53 827 169 873 Usque
186 829 230 862 ad
247 840 372 873 aquam
390 833 425 862 et
442 834 583 872 veteres,
595 831 671 873 jam
687 831 798 863 fracta
815 830 1006 874 cacumina,
1023 831 1131 875 fagos,

52 874 177 908 Omnia
193 875 403 908 carminibus
420 879 572 908 vestrum
590 887 739 909 servasse
756 876 949 909 Menalcan.
1132 879 1174 910 10

82 920 189 954 MOER.
213 921 392 964 Audieras,
410 925 444 954 et
461 921 555 954 fama
570 921 640 954 fuit
655 933 663 962 ;
688 922 747 954 sed
764 922 918 955 carmina
935 926 1075 955 tantum

50 965 177 1000 Nostra
193 967 320 1009 valent,
338 966 477 1010 Lycida,
495 967 566 1000 tela
581 967 673 1000 inter
689 967 827 1011 Martia,
847 972 1020 1011 quantum

51 1012 220 1046 Chaonias
238 1012 369 1056 dicunt,
387 1013 506 1056 aquila
522 1013 693 1056 veniente,
711 1013 896 1047 columbas

51 1057 151 1099 Quod
167 1058 234 1091 nisi
250 1070 305 1092 me
322 1070 539 1102 quacumque
555 1070 661 1092 novas
677 1059 828 1092 incidere
844 1059 923 1093 lites

50 1103 143 1137 Ante
161 1104 299 1137 sinistra
316 1115 400 1138 cava
416 1105 607 1138 monuisset
623 1105 667 1138 ab
684 1105 762 1138 ilice
779 1105 900 1138 cornix
914 1116 922 1139 :

50 1149 85 1183 N
86 1161 124 1183 ec
140 1154 222 1184 tuus
239 1150 296 1183 hic
313 1150 441 1193 Moeris,
458 1161 521 1183 nec
538 1150 670 1184 viveret
687 1151 760 1195 ipse
778 1151 964 1185 Menalcas.

67 1195 150 1229 LYc.
160 1196 250 1239 Heu,
259 1196 353 1229 cadit
364 1196 401 1229 in
409 1208 616 1240 quemquam
625 1200 765 1230 tantum
773 1197 882 1230 scelus
893 1197 905 1230 ’.ἱ
919 1197 997 1241 heu,
1006 1200 1068 1231 tua
1075 1197 1174 1231 nobis

51 1239 156 1274 Paene
173 1242 276 1275 simul
293 1246 410 1275 tecum
427 1242 550 1275 solatia
565 1246 676 1286 rapta,
694 1242 854 1276 Menalca
868 1242 880 1276 2

52 1286 136 1328 Quis
153 1291 291 1320 caneret
307 1288 340 1320 N
341 1287 514 1331 ymphas?
540 1288 615 1332 quis
633 1288 780 1321 humum
796 1288 998 1322 florentibus
1015 1288 1130 1322 herbis

51 1332 244 1376 Spargeret,
262 1338 324 1366 aut
341 1333 443 1366 viridi
460 1334 574 1366 fontes
590 1333 771 1366 induceret
787 1334 910 1367 umbra
924 1334 936 1367 ’ἐ
1128 1336 1174 1368 20

51 1377 115 1412 Vel
134 1390 209 1422 quae
227 1379 364 1422 sublegi*
379 1379 507 1412 tacitus
525 1379 589 1412 tibi
607 1379 760 1412 carmina
776 1391 887 1423 nuper

52 1424 168 1465 Quum
184 1428 219 1458 te
236 1425 280 1458 ad
298 1425 438 1458 delicias
455 1425 569 1468 ferres,
587 1424 813 1468 Amaryllida,
830 1429 964 1459 nostras
978 1425 991 1459 ’.ἶ

50 1469 69 1486 “
81 1470 207 1514 Tityre,
226 1470 309 1503 dum
326 1470 435 1513 redeo,
453 1470 565 1503 brevis
582 1474 633 1504 est
650 1471 716 1513 via,
734 1482 835 1514 pasce
852 1472 1011 1515 capellas,

50 1515 97 1548 Et
113 1520 235 1559 potum
251 1520 367 1560 pastas
385 1528 458 1559 age,
476 1516 603 1559 Tityre,
621 1520 656 1549 et
672 1517 764 1549 inter
780 1517 954 1560 agendum

52 1560 238 1595 Occursare
255 1573 368 1606 capro,
386 1573 493 1595 cornu
508 1562 590 1595 ferit
607 1562 675 1606 ille,
693 1566 813 1595 caveto
827 1562 861 1596 '3³’

81 1607 186 1641 MOER.
212 1607 321 1640 Immo
339 1608 422 1651 haec,
441 1618 516 1652 quae
536 1608 627 1641 Varo
644 1619 707 1641 nec
724 1608 808 1641 dum
825 1608 978 1652 perfecta
996 1608 1141 1642 canebat
1157 1621 1165 1642 z

51 1651 70 1669 “
83 1653 182 1696 Vare,
200 1657 302 1686 tuum
318 1665 453 1697 nomen,
471 1658 609 1698 superet
625 1653 726 1687 modo
743 1654 892 1687 Mantua
908 1654 1015 1697 nobis,

51 1697 200 1732 Mantua
215 1710 268 1732 vae
284 1699 418 1733 miserae
435 1700 583 1732 nimium
600 1700 714 1733 vicina
731 1699 915 1744 Cremonae,

0 1763 2 1769 ι
53 1743 239 1778 Cantantes
256 1745 402 1779 sublime
418 1746 531 1779 ferent
548 1745 592 1779 ad
609 1745 721 1779 sidera
737 1745 869 1790 cycni.”
