1345 1927
102 71 167 101 136
407 69 445 104 P.
471 70 678 104 VIRGILII
704 71 918 105 MARONIS

101 133 229 177 Linqui
246 134 421 178 pollutum
437 135 638 180 hospitium,
656 142 692 170 et
709 137 791 170 dare
808 136 974 170 elassibus
989 141 1134 172 austros.

99 177 192 222 Ergo
208 179 444 214 instauramus
461 181 631 224 Polydoro
649 183 765 224 funus,
783 187 818 215 et
836 183 959 225 ingens

100 224 289 267 Aggeritur
305 226 442 260 tumulo
459 227 564 260 tellus
579 240 588 267 ;
613 233 709 261 stant
725 227 886 261 manibus
903 239 984 271 arae,

100 269 262 304 Caeruleis
280 277 408 304 maestae
426 272 525 306 vittis
541 278 686 317 atraque
704 284 873 317 cupresso,

99 314 146 348 Et
163 316 294 349 circum
312 317 439 350 Iliades
457 319 587 351 crinem
605 319 646 352 de
663 330 756 352 more
775 319 897 352 solutae
913 331 920 352 :

99 360 286 395 Inferimus
303 363 422 407 tepido
440 365 640 407 spumantia
657 364 793 408 cymbia
810 365 912 407 lacte,

98 405 287 450 Sanguinis
305 413 340 441 et
357 409 445 441 sacri
463 414 620 453 pateras:
646 411 868 454 animamque
886 410 1042 454 sepulcro

99 451 295 494 condimus,
313 459 348 487 et
364 465 492 497 magna
509 466 709 498 supremum
728 467 810 489 voce
828 456 966 489 ciemus.

149 498 168 512 ‘⁶
182 495 270 529 Inde
286 496 348 529 ubi
364 498 478 540 prima
494 497 579 530 fides
595 498 726 540 pelago,
745 498 952 542 placataque
970 500 1066 532 venti

95 538 193 573 Dant
209 541 329 583 maria,
348 546 383 574 et
399 541 487 574 lenis
504 542 680 585 crepitans
697 548 798 576 vocat
815 550 933 576 auster
948 545 986 577 in
1002 544 1125 589 altum,
1175 548 1219 580 70

96 581 287 619 Deducunt
305 586 387 619 socii
404 598 519 629 naveS,
537 592 573 620 et
589 587 693 621 litora
710 588 895 631 complent.

97 629 327 664 Provehimur
343 637 456 675 portu,
474 638 645 676 terraeque
661 633 833 677 urbesque
850 635 1026 670 recedunt.

97 676 202 710 Sacra
218 678 307 710 mari
324 677 450 710 colitur
466 678 579 711 medio
596 679 795 722 gratissima
812 679 920 713 tellus

95 721 289 756 Nereidum
304 723 409 756 matri
426 728 461 756 et
477 723 642 768 Neptuno
659 725 798 768 AEgae03

97 767 210 809 Quam
226 769 305 812 pius
322 769 537 812 Arcitenens,
555 781 630 813 oras
648 775 683 803 et
699 771 801 804 litora
818 771 951 805 circum

95 813 291 857 Errantem,
310 815 422 858 Gyaro
440 815 531 848 celsa
548 815 765 860 Myconoque
780 817 947 860 revinxit,

96 859 352 904 Immotamque
368 861 434 894 coli
452 861 558 903 dedit,
576 868 611 895 et
628 868 847 895 contemnere
865 868 995 897 ventos.

95 904 176 939 Huc
193 906 283 939 feror
297 919 305 946 ;
330 906 404 939 haec
421 906 525 940 fessos
543 912 620 940 tuto
638 907 872 951 placidissima
888 915 993 952 portu

95 951 244 996 Accipit.
286 952 423 996 Egressi
441 964 648 986 veneramur
664 953 837 997 Apollinis
853 954 984 988 urbem.

96 996 172 1030 Rex
190 997 311 1040 Anius,
328 1009 391 1031 rex
409 998 501 1030 idem
517 998 700 1032 hominum
717 999 908 1044 Phoebique
925 1001 1091 1045 sacerdos,
1171 1004 1215 1036 80

95 1042 204 1076 Vittis
221 1047 255 1076 et
273 1054 369 1076 sacra
384 1044 566 1077 redimitus
584 1049 740 1088 tempora
757 1045 857 1078 lauro

95 1088 254 1122 Occurrit
269 1101 277 1129 ;
302 1094 455 1123 veterem
472 1090 649 1123 Anchisen
666 1092 823 1134 agnoscit
840 1092 1002 1127 amicum.

93 1133 120 1167 J
122 1135 286 1177 ungimus
303 1135 453 1179 hospitio
470 1135 621 1179 dextras,
639 1141 673 1169 et
691 1143 785 1170 tecta
802 1137 967 1171 subimus.

93 1179 238 1224 Templa
254 1180 311 1213 dei
327 1192 410 1214 saxo
428 1181 617 1214 venerabar
633 1186 766 1215 structa
783 1188 922 1216 vetusto
936 1195 944 1217 z

93 1226 103 1243 ⁴
116 1225 170 1258 Da
187 1225 371 1268 propriam,
390 1224 602 1268 Thymbraee,
620 1226 762 1259 domum
779 1231 786 1262 l
814 1228 859 1261 da
874 1230 1003 1263 moenia
1019 1231 1126 1274 fessis,

93 1271 140 1304 Et
157 1282 277 1314 genus,
294 1275 329 1303 et
345 1282 546 1303 mansuram
563 1271 684 1303 urbem
699 1272 705 1303 !
749 1271 854 1305 Serva
871 1272 981 1306 altera
997 1274 1108 1317 Trojae

93 1316 274 1360 Pergama,
291 1316 455 1359 reliquias
472 1316 635 1348 Danaum
652 1321 758 1360 atque
774 1317 919 1351 immitis
935 1319 1085 1354 Aehilh'!

95 1362 206 1402 Quem
223 1362 398 1405 sequimur
412 1361 424 1394 2
449 1373 560 1405 quove
577 1362 626 1395 ire
638 1361 741 1406 jubes
756 1363 766 1395 2
791 1362 851 1395 ubi
868 1375 994 1407 ponere
1011 1365 1130 1400 sedes?

88 1407 153 1447 Da,
171 1412 280 1450 pater,
297 1408 497 1449 augurium,
513 1412 619 1451 atque
636 1409 762 1442 animis
778 1410 921 1444 illabere
938 1413 1083 1446 nostris.’

135 1453 155 1469 “
170 1453 240 1486 Vix
257 1464 298 1486 ea
314 1453 410 1486 fatus
427 1465 522 1486 eram
539 1466 546 1494 ;
572 1459 718 1488 tremere
735 1456 853 1489 omnia
870 1457 944 1490 visa
959 1463 1111 1502 repente,
1167 1463 1212 1493 {20

91 1498 306 1542 Liminaque,
323 1499 512 1542 laurusque
530 1499 585 1532 dei
600 1512 608 1540 ;
632 1504 795 1544 totusque
811 1502 942 1535 moveri

90 1543 192 1577 Mons
210 1545 350 1587 circum,
366 1549 404 1581 et
420 1545 556 1587 mugire
573 1545 688 1588 adytis
707 1547 841 1580 cortina
856 1548 1008 1582 reclusis.

89 1588 258 1622 Submissi
275 1590 427 1633 petimus
445 1595 583 1632 terram,
601 1597 635 1623 et
652 1603 720 1624 vox
737 1593 848 1626 fertur
864 1594 909 1626 ad
925 1605 1042 1628 aures:

94 1634 104 1650 ‘
117 1634 328 1669 Dardanidae
347 1635 436 1677 duri,
454 1648 531 1678 quae
548 1648 608 1670 vos
625 1649 646 1670 a
664 1638 770 1681 stirpe
788 1643 972 1676 parentum

87 1678 205 1712 Prima
222 1680 306 1713 tulit
322 1681 437 1725 tellus,
455 1682 575 1715 eadem
592 1694 651 1715 vos
668 1682 772 1716 ubere
789 1683 869 1716 laeto

86 1723 245 1769 Accipiet
260 1726 412 1761 reduces.
452 1728 646 1772 Antiquam
663 1729 836 1772 exquirite
851 1734 1010 1765 matrem.
