1320 1932
643 95 759 129 COPA
767 120 776 130 .
1193 99 1259 130 403

191 163 281 198 Sunt
298 167 333 197 et
349 163 483 206 caseoli,
501 174 584 206 quos
595 163 725 206 juncea
740 162 861 195 fiscina
878 163 985 196 siccat
997 174 1007 204 ;

240 209 332 243 Sunt
348 208 566 242 auetumnali
582 219 680 241 cerea
696 219 810 252 pruna
827 208 892 250 die,

193 255 439 299 Castaneaeque
455 265 570 292 nuces,
587 258 623 287 et
640 265 744 287 suave
760 253 923 287 rubentia
939 254 1041 288 mala.

238 301 302 334 Est
317 300 376 333 hic
391 300 523 333 munda
540 300 648 342 Ceres,
666 303 718 332 est
735 299 851 341 Amor,
869 304 920 332 est
937 299 1106 334 Bromius.
1214 302 1260 333 20

193 345 283 380 Sunt
299 350 335 379 et
350 357 446 379 mora
463 350 616 388 cruenta,
633 349 668 378 et
684 345 788 378 lentis
804 356 874 378 uva
890 346 1044 389 racemis,

238 391 301 424 Est
317 392 470 435 pendens
481 392 590 434 junco
607 390 772 424 caeruleus
789 391 952 424 cucumis.

194 437 258 471 Est
274 436 396 480 tuguri
415 441 528 470 custos
545 440 698 470 armatus
715 436 804 469 falce
821 436 956 479 saligna
970 449 978 477 ;

239 482 306 516 Sed
322 494 392 515 non
409 488 444 515 et
461 486 558 515 vasto
574 487 627 515 est
643 482 788 525 inguine
805 482 978 515 terribilis.

193 528 274 561 Huc
292 527 451 571 calybita
466 528 546 562 veni
560 540 567 561 :
592 528 701 561 fessus
713 529 788 571 jam
806 528 908 560 sudat
925 527 1071 562 asellus:

240 573 346 607 Parce
363 574 436 614 illi3
461 578 615 607 vestrum
631 573 796 606 delicium
813 577 865 606 est
882 574 1008 607 asinus.

192 619 296 653 Nunc
313 624 420 652 cantu
436 619 552 652 crebro
567 623 737 663 rumpunt
755 619 895 652 arbusta
911 619 1039 653 eicadae
1055 631 1063 654 :

240 665 273 697 N
275 676 343 698 unc
360 665 466 698 etiam
481 665 519 697 in
535 665 650 708 gelida
667 665 746 698 sede
762 665 892 698 lacerta
908 665 1005 699 latet.

195 710 231 744 Si
249 711 348 754 sapis,
365 711 484 744 aestivo
500 711 668 743 recubans
685 716 720 744 te
736 711 856 754 prolue
873 711 987 753 vitro,
980 724 987 731 ·

242 756 310 789 Seu
327 757 378 789 vis
395 756 557 800 crystallo
574 757 662 789 ferre
678 768 783 789 novos
800 757 931 790 calices.
1217 759 1262 791 30

195 801 262 845 Eja
279 813 342 845 age
359 803 544 869 pampinea
560 802 670 835 fessus
687 803 862 845 requiesce
879 802 943 835 sub
959 803 1093 847 umbra,

241 847 288 880 Et
304 847 486 890 gravidum
502 859 597 881 roseo
613 852 712 881 necte
729 852 834 891 caput
851 849 1026 892 strophio·
1017 875 1027 891 ,

198 893 353 927 Candida
369 894 525 926 formosae
542 894 702 937 decerpes
719 905 777 926 ora
793 894 927 937 puellae.

243 939 318 972 Ah!
345 944 474 983 pereat,
493 939 549 972 eui
566 944 648 972 sunt
664 939 777 982 prisca
794 940 979 984 supercilia
993 941 999 973 !

198 985 291 1026 Quid
308 985 416 1018 cineri
431 985 568 1028 ing-rato
586 996 700 1018 servas
716 984 803 1018 bene
821 986 950 1019 olentia
967 985 1084 1020 serta?

244 1032 344 1064 Anne
361 1036 521 1064 coronato
537 1031 589 1064 vis
606 1031 722 1074 lapide
739 1031 807 1064 ista
823 1031 915 1074 legi?

198 1075 292 1110 Pone
308 1087 442 1109 merum
459 1080 493 1109 et
511 1076 607 1110 talos.
648 1076 805 1119 Peneant,
823 1077 883 1120 qui
901 1077 1051 1110 crastina
1068 1079 1211 1112 curant!

242 1123 335 1157 Mors
352 1134 471 1157 aurem
487 1122 626 1163 vellens,
647 1125 668 1140 “
680 1122 831 1164 Vivite,'’
848 1123 908 1164 ait,
932 1125 952 1139 “
965 1122 1100 1156 venio.”

449 1381 969 1430 MORETUM.

155 1484 236 1518 JAM
253 1496 324 1518 nox
339 1485 501 1518 hibernas
517 1485 570 1519 bis
588 1485 741 1529 quinque
757 1489 936 1529 peregerat
953 1483 1065 1528 horas,

155 1530 414 1575 Excubitorque
431 1532 523 1564 diem
540 1536 646 1564 cantu
662 1531 873 1575 praedjxerat
889 1530 977 1563 ales:

156 1576 309 1610 Simulus
326 1577 445 1620 exigui
462 1578 574 1610 cultor
591 1588 700 1620 quum
715 1577 868 1610 rusticus
885 1575 972 1619 agri,

155 1622 283 1656 Tristia
299 1628 455 1657 venturae
472 1628 631 1656 metuens
643 1623 779 1666 jejunia
795 1622 893 1664 lucis,

155 1668 313 1702 Membra
328 1669 423 1703 levat
439 1669 565 1702 sensim
582 1669 644 1701 vili
661 1669 808 1701 demissa
824 1667 977 1720 grabato,

156 1714 379 1759 Sollicitaque
395 1727 505 1748 manu
521 1715 680 1748 tenebras
696 1714 854 1758 explorat
870 1713 1008 1755 inertes,

156 1760 386 1805 Vestigatque
402 1761 529 1800 focum,
546 1761 649 1794 laesus
666 1771 770 1804 quem
787 1759 936 1803 denique
953 1757 1070 1793 sensit.
