1345 1927
104 45 167 77 128
409 44 446 79 P.
467 44 670 79 V1R01L11
697 45 910 80 MARONIS

100 110 174 144 Has
191 111 316 145 evertit
333 123 422 156 opes,
440 113 632 156 sternitque
649 124 670 146 a
687 113 839 146 culmine
856 113 933 157 Troj
937 125 1003 148 am.

99 156 245 200 Aspice:
270 169 420 201 namque
437 170 583 199 omnem,
602 169 677 202 quae
694 170 788 191 nunc
806 159 956 192 obducta
973 159 1089 194 tuenti

99 202 264 236 Mortales
283 203 424 237 hebetat
441 204 535 236 visus
552 204 627 245 tibi,
645 209 680 237 et
697 204 842 237 humida
859 205 991 238 circum

100 248 247 291 Caligat,
263 249 391 282 nubem
408 250 574 293 eripiam:
601 254 640 282 tu
658 261 701 282 ne
720 261 788 293 qua
805 251 959 293 parentis

1 286 49 346 ’ἧς
99 293 124 327 J
126 305 206 327 ussa
222 295 316 336 time,
334 306 403 328 neu
420 295 602 339 praeeeptis
619 306 738 339 parere
755 306 884 329 recusa.

100 339 178 382 Hic,
195 339 256 373 ubi
274 340 435 383 disjectas
452 341 558 374 moles
576 341 765 384 avulsaque
783 342 875 374 saxis

82 384 192 419 *Saxa
208 385 314 428 vides,
331 386 511 430 mixtoque
527 386 721 420 undantem
738 386 880 430 pulvere
897 387 1047 428 fumum,

99 430 286 474 Neptunus
302 443 417 465 muros
434 443 629 484 magnoque
647 437 760 465 emota
776 432 922 466 tridenti
1154 435 1221 467 610

100 475 346 510 Fundamenta
363 477 488 521 quatit,
506 481 684 529 totamque
702 477 745 510 ab
763 478 899 511 sedibus
918 478 1037 512 urbem

99 521 212 555 Eruit.
245 522 318 556 Hic
335 523 360 555 J
362 534 432 555 uno
450 522 562 556 Scaeas
579 523 767 556 saevissima
783 527 900 566 portas

101 566 218 600 Prima
234 558 340 610 tenet,
359 568 559 612 sociumque
576 568 694 601 furens
711 579 733 601 a
749 569 895 602 navibus
912 581 1038 613 agmen

100 612 204 646 Ferro
221 613 378 646 accincta
394 618 505 648 vocat.

100 658 136 691 J
128 670 183 691 'zm
201 670 353 692 summas
370 670 464 692 arces
482 659 648 701 Tritonia,
665 659 805 703 respice,
824 659 940 694 Pallas

104 704 247 745 Insedit,
264 705 382 738 nimbo
399 705 568 748 effulgens
585 710 621 738 et
639 705 796 749 Gorgone
813 717 913 749 saeva,

104 749 182 793 Ipse
200 750 305 783 Pater
321 751 452 784 Danais
470 751 603 784 animos
620 751 776 794 viresque
793 752 961 786 secundas

101 795 238 829 Sufficit
252 808 260 836 ;
286 796 359 840 ipse
377 796 456 829 deos
474 797 511 829 in
529 796 694 830 Dardana
711 797 856 830 suscitat
873 809 979 832 arma.

101 841 216 884 Eripe,
233 845 325 883 nate,
343 841 473 885 fugam,
493 842 665 885 finemque
682 843 820 886 impone
837 843 955 877 labori.

101 886 284 930 Nusquam
300 887 411 930 abero,
429 891 464 920 et
482 891 601 920 tutum
618 888 730 932 patrio
748 891 782 921 te
800 888 920 921 limine
938 889 1079 924 sistam?
1155 890 1221 923 620

101 932 271 973 Dixerat,
297 937 331 965 et
349 933 465 977 spissis
482 934 592 966 noctis
610 945 645 967 se
663 933 818 967 condidit
834 934 976 969 umbris.

102 978 282 1022 Apparent
299 978 383 1011 dirae
400 979 542 1022 facies,
533 979 743 1055 inimicaque
760 979 868 1023 Trojae

102 1023 258 1057 Numina
273 1035 402 1067 magna
419 1024 531 1058 deum.

148 1067 266 1100 “Tum
284 1079 364 1101 vero
381 1079 482 1101 omne
499 1067 587 1100 mihi
604 1067 717 1100 visum
735 1067 938 1101 considere
927 1078 965 1100 m
981 1067 1078 1111 ignes

103 1110 219 1154 Ilium,
232 1115 267 1145 et
284 1122 328 1144 ex
344 1111 414 1144 imo
427 1111 516 1144 verti
533 1112 712 1164 Neptunia
729 1112 853 1156 Troja3

102 1157 154 1190 Ac
171 1138 281 1190 ve'luti
299 1157 441 1190 summis
458 1157 640 1201 antiquam
657 1158 694 1190 in
710 1158 888 1191 montibus
903 1169 1027 1192 ornum

104 1202 221 1243 Quum
237 1203 326 1235 ferro
343 1203 492 1236 accisam
509 1202 703 1246 crebrisque
721 1202 926 1246 bipennibus
943 1205 1077 1239 instant

104 1248 232 1281 Eruere
250 1248 408 1291 agricolae
426 1248 610 1289 certatim3
635 1248 696 1282 illa
712 1260 822 1292 usque
838 1249 1002 1293 minatur,

103 1294 150 1327 Et
167 1294 372 1327 tremefacta.
388 1305 521 1327 comam
538 1305 702 1327 concusso
719 1295 847 1328 vertice
864 1299 979 1338 nutat,

105 1339 317 1372 Vulneribus
334 1339 441 1373 donec
459 1340 631 1393 paulatim
647 1340 760 1373 evicta
777 1352 976 1393 supremum
1153 1344 1220 1377 630

105 1385 320 1429 Congemuit,
338 1386 516 1429 traxitque
528 1386 624 1429 jugis
641 1385 762 1419 avulsa
777 1387 924 1420 ruinam.

81 1431 294 1483 ⁸Descende,
312 1442 352 1464 ac
370 1431 519 1464 ducente
536 1431 599 1464 deo
615 1430 792 1465 flammam
808 1432 899 1465 inter
916 1436 952 1466 et
967 1433 1082 1467 hostes

106 1476 304 1520 Expedior3
329 1476 416 1509 dant
433 1477 502 1509 tela
519 1476 642 1519 locum,
659 1476 877 1520 flammaeque
892 1479 1068 1513 recedunt.

150 1522 297 1564 “Atque
313 1521 401 1554 ubi
386 1532 463 1565 Jam
478 1520 601 1564 patriae
618 1525 825 1564 perventum
840 1521 885 1554 ad
902 1522 1026 1557 limina
1043 1525 1133 1559 sedis

103 1566 344 1609 Antiquasque
362 1570 488 1609 domos,
505 1567 649 1610 genitor,
668 1579 770 1611 quem
787 1569 931 1602 tollere
923 1581 960 1602 ln
977 1570 1065 1604 altos

104 1611 278 1655 Optabam
294 1612 446 1656 primum
462 1617 606 1655 montes,
623 1613 842 1657 primumque
858 1614 1029 1659 petebam,

103 1657 264 1700 Abnegat
281 1658 396 1691 excisa
413 1658 519 1690 vitam
538 1658 725 1703 producere
743 1660 854 1703 Troja,

104 1702 344 1747 Exsiliumque
361 1703 446 1747 pati.
494 1706 581 1739 ‘Vos
599 1717 627 1748 o,
647 1705 772 1750 quibus
790 1707 929 1750 integer
945 1707 1011 1742 aevi
