1320 1932
391 102 610 136 AENEIDOS
634 102 722 136 LIB.
748 101 788 136 X.

43 168 219 203 Sternitur
233 169 357 202 infelix
374 169 486 221 alieno
502 169 654 211 vulnere,
672 168 865 211 coelumque

43 214 189 267 Aspicit,
206 218 241 248 et
258 215 376 248 dulces
392 214 539 248 moriens
556 214 789 247 reminiscitur
806 213 925 256 Argos.

44 260 134 293 Tum
149 261 228 304 pius
244 260 373 293 AEneas
390 260 526 293 hastam
538 260 650 304 jacit:
676 259 737 292 illa
753 271 815 303 per
832 258 947 292 orbem

43 305 125 339 AEre
142 317 266 339 cavum
282 306 421 350 triplici,
438 317 499 357 per
514 305 607 347 linea
623 308 731 357 terga,
747 305 928 347 t1ibusque

43 350 195 384 Transiit
210 351 388 384 intextum
404 351 514 384 tauris
531 362 626 394 opus,
643 351 783 394 imaque
800 350 889 383 sedit

44 395 196 439 Inguine
211 409 220 438 3
245 397 304 429 sed
321 397 409 430 vires
426 396 521 429 haud
538 395 692 440 pertulit.
744 396 848 429 Ocius
864 407 979 429 ensem

41 441 181 485 AEneas,
197 442 271 475 viso
288 442 456 485 Tyrrheni
473 442 642 485 sanguine
658 441 767 485 laetus,

41 486 90 520 F]
90 487 157 531 1p1t
173 499 194 520 a
210 487 346 530 femine,
365 490 399 520 et
413 487 608 539 trepidanti
623 487 780 521 fervidus
795 486 915 521 instwt.

42 531 221 576 Ingemuit
237 533 308 565 cari
324 533 477 576 graviter
493 533 658 576 genitoris
675 544 800 575 amore,

42 577 91 611 Ut
108 578 207 621 vidit,
224 578 382 619 Lausus3
406 578 624 621 lacrimaeque
640 589 701 621 per
717 589 776 611 ora
793 577 933 612 volutae.

41 622 111 656 Hic
126 623 247 656 mort-is
265 623 359 656 durae
376 635 494 656 casum
511 627 640 666 tuaque
657 623 789 667 optima
806 624 909 667 facta,

41 668 164 712 Siqua
180 668 284 701 fidem
300 672 399 702 tanto
416 673 468 701 est
485 669 579 712 opeii
596 669 711 702 latura
727 673 893 711 vetustas,

40 713 120 747 Non
137 714 305 757 equidem,
323 725 386 747 nec
403 718 447 757 te,
461 715 600 757 juvenis
617 715 847 757 memorande,
866 714 980 749 silebo.

41 759 106 792 Ille
123 760 246 803 pedem
262 759 420 801 referens,
439 763 474 792 et
490 760 636 801 inutilis,
654 759 760 802 inque
776 759 906 802 ligatus

41 804 202 848 Cedebat,
220 805 397 848 clipeoque
414 805 591 837 inimicum
611 804 736 842 hastile
750 805 920 840 trahebat.

40 849 204 894 Prorupit
217 850 366 893 juvenis,
385 861 526 892 seseque
543 850 733 885 immiscuit
750 851 856 885 armis
877 863 885 892 ;

39 895 192 939 Jamque
210 895 420 938 assurgentis
438 895 561 928 dextra
578 898 786 939 plagamque
802 895 946 930 ferentis

39 941 158 978 AEneae
176 940 283 974 subiit
298 952 508 984 mucronem,
525 940 708 984 ipsumque
724 941 889 975 morando

39 986 215 1020 Sustinuit
232 999 240 1026 ;
266 986 347 1019 socii
363 997 490 1029 magno
507 986 654 1019 clamore
671 990 875 1030 sequuntur,

38 1031 133 1065 Dum
149 1032 285 1075 genitor
301 1031 377 1064 nati
393 1043 514 1076 parma,
529 1035 706 1075 protectus
723 1031 835 1066 abiret
850 1045 859 1073 3

39 1077 190 1120 Telaque
207 1077 408 1121 conjiciunt,
425 1076 701 1120 proturbantque
719 1078 853 1110 eminus
869 1078 1004 1111 hostem

38 1122 239 1156 Missilibus.
288 1122 390 1155 Furit
406 1123 543 1165 AEneas,
562 1126 744 1166 tectusque
763 1127 859 1157 tenet
877 1135 921 1158 se.

39 1169 90 1201 Ac
108 1170 214 1211 velut,
231 1167 384 1209 effusa-si
401 1168 540 1211 quando
557 1169 725 1211 grandine
742 1169 855 1202 nimbi

39 1213 276 1257 Praecipitant,
294 1213 405 1246 omnis
422 1214 552 1257 campis
569 1213 710 1256 diffugit
727 1218 852 1257 arator,

40 1259 160 1293 Omnis
178 1263 212 1292 et
229 1258 392 1302 agricola,
405 1262 439 1291 et
456 1262 536 1291 tuta,
551 1259 639 1291 latet
656 1270 733 1292 arce
749 1259 863 1292 viator

38 1305 112 1338 Aut
129 1305 241 1338 amnis
259 1304 344 1348 ripis
360 1307 423 1336 aut
436 1304 500 1337 alti
512 1304 641 1337 fornice
659 1305 743 1346 saxi,

38 1350 133 1383 Dum
149 1350 242 1394 pluit
259 1349 296 1382 in
313 1349 432 1390 terris3
457 1354 498 1382 ut
514 1349 656 1393 possint,
675 1350 743 1382 sole
759 1350 912 1393 reducto,

38 1395 208 1429 Exercere
226 1395 335 1428 diem:
362 1395 410 1427 sic
427 1395 571 1428 obrutus
588 1395 743 1438 undique
759 1395 839 1428 telis

39 1441 165 1474 AEneas
183 1441 311 1473 nubem
327 1440 420 1483 belli,
438 1440 521 1473 dum
539 1441 689 1482 detonet,
707 1451 844 1474 omnem

39 1487 205 1529 Sustinet,
223 1490 258 1519 et
276 1486 429 1518 Lausum
445 1486 641 1529 increpitat,
659 1486 838 1530 Lausoque
855 1486 1012 1521 minatur
1027 1499 1034 1522 :

0 1572 1 1577 ¹
39 1533 58 1550 “
76 1533 150 1573 Quo
166 1532 333 1565 moriture
349 1531 429 1573 ruis,
446 1532 644 1574 majoraque
661 1530 790 1564 viribus
807 1531 913 1563 audes
927 1532 939 1564 2

36 1578 144 1611 Fallit
161 1581 195 1610 te
212 1577 395 1610 incautum
411 1577 522 1619 pietas
540 1577 632 1610 tua‚''
680 1576 712 1608 N
715 1587 752 1608 ec
769 1577 884 1609 minus
902 1577 960 1610 ille

38 1623 204 1655 Exsultat
221 1622 361 1655 demens
378 1633 385 1655 :
411 1633 509 1655 saevae
522 1623 665 1665 jamque
682 1621 787 1654 altius
804 1621 864 1654 irae

38 1668 214 1701 Dardanio
232 1671 380 1710 surgunt
397 1667 542 1710 ductori,
560 1672 785 1710 extremaque
803 1666 914 1700 Laluso

39 1713 155 1746 Parcae
172 1713 232 1746 fila
247 1713 371 1756 legunt
387 1724 394 1746 ε
419 1713 576 1746 validum
592 1724 741 1756 namque
758 1712 870 1756 exigit
887 1723 1003 1745 ensem

39 1757 106 1793 Per
121 1759 276 1792 medium
292 1758 419 1792 AEneas
430 1760 606 1804 juvenem,
624 1762 806 1802 totumque
822 1757 979 1791 recondit
995 1769 1002 1792 :

1087 103 1154 136 316

1090 578 1156 613 790

1091 1035 1157 1066 &00

1091 1489 1156 1521 810
