1320 1932
283 195 327 231 P.
347 194 623 231 VIRGILII
655 193 936 230 MARONIS

225 301 991 387 AENEIDOS

378 482 545 515 LIBER
576 480 840 515 OCTAVUS.

635 603 698 611 maw-

48 683 103 717 ΠΤ
120 683 204 717 belli
221 684 360 728 signum
377 684 544 717 Laurenti
561 684 699 716 Turnus
717 683 760 716 ab
779 695 857 717 arce

47 729 198 771 Extulit,
217 735 252 763 et
267 741 371 763 rauco
389 734 612 773 strepuerimt
629 740 757 762 cornua
775 734 881 761 cantu
896 742 904 769 ;

47 774 164 818 thue
181 786 274 808 acres
291 775 464 808 concussit
481 786 594 818 equ08‚
612 779 721 817 utque
737 774 880 817 impulit
897 785 994 807 arma
1008 786 1016 814 ;

46 819 232 863 Extemplo
249 820 382 853 turbati
399 820 517 862 animi,
535 819 638 852 simul
656 830 757 852 omne
774 819 933 852 tumultu

47 864 212 908 conjurat
229 865 363 908 trepido
381 866 531 907 Latium,
549 865 716 908 saevitque
727 865 897 907 juventus

44 909 168 943 Effera.
208 910 378 943 Ductores
395 910 498 954 primi
516 910 696 954 Messapus
713 914 748 943 et
766 909 884 950 Ufens,

45 955 311 998 Contemtorque
329 956 432 988 deum
450 955 657 997 Mezentius,
675 955 832 998 undique
850 959 979 998 cogunt

43 1000 195 1043 Auxilia,
213 1006 248 1034 et
265 1001 353 1034 latos
370 1005 511 1034 vastant
528 1000 719 1034 cultoribus
736 1012 844 1044 agros.

42 1044 202 1079 Mittitur
219 1052 254 1079 et
271 1047 390 1089 magni
409 1046 565 1079 Venulus
583 1046 759 1079 Diomedis
776 1046 821 1079 ad
839 1045 968 1088 urbem,

45 1090 153 1134 Qujp
156 1096 228 1124 etat
245 1092 427 1134 auxilium,
445 1096 489 1134 et,
506 1091 606 1124 Latio
624 1092 808 1124 consistere
825 1092 981 1134 Teucros,
1117 1093 1159 1124 10

42 1135 239 1169 Advectum
255 1136 390 1170 AEnean
408 1137 518 1179 classi,
535 1137 714 1180 victosque
730 1142 874 1181 penates

43 1181 186 1224 Inferre,
203 1186 238 1215 et
254 1182 337 1215 fatis
353 1193 470 1225 regem
487 1193 521 1215 se
539 1182 652 1215 dicere
668 1182 773 1225 posci,

41 1208 204 1269 Edocealz,
221 1227 419 1270 multasque
436 1228 509 1260 viro
527 1238 561 1260 se
578 1227 768 1270 adjungere
784 1231 905 1270 gentes

41 1270 229 1314 Dardanio,
247 1277 282 1305 et
298 1272 369 1305 late
386 1272 485 1306 Latio
502 1272 751 1305 increbrescere
767 1284 902 1305 nomen.

42 1316 134 1357 Quid
152 1321 265 1350 struat
280 1317 335 1350 his
352 1318 482 1361 coeptis,
500 1329 612 1361 quem,
630 1318 659 1350 si
674 1318 816 1351 fortuna
833 1321 1008 1362 sequatur,

40 1361 216 1395 Eventum
234 1373 360 1406 pugnae
368 1363 507 1414 pupiat,
523 1363 770 1396 manifestius
759 1363 836 1407 lpsi‚

41 1407 155 1448 Quam
172 1407 287 1440 Turno
303 1408 387 1450 regi,
404 1412 468 1441 aut
484 1408 559 1451 regi
575 1419 740 1452 apparere
758 1408 892 1442 Latino.

87 1453 184 1486 Talia
200 1464 261 1497 per
277 1453 436 1486 Latium:
462 1465 540 1497 quae
557 1453 824 1487 Laomedontius
840 1454 938 1487 heros

41 1498 175 1532 Cuncta
191 1498 312 1531 videns
328 1510 455 1542 magno
473 1510 636 1532 curarum
651 1499 801 1532 fluctuat
818 1503 925 1532 aestu·
918 1525 926 1539 ,

39 1544 156 1587 Atque
172 1543 330 1576 animum
346 1555 440 1577 nunc
457 1544 526 1577 huc
543 1544 698 1587 celerem,
714 1556 809 1578 nunc
826 1544 954 1578 dividit
971 1543 1066 1588 illuc,
1111 1546 1156 1578 20

39 1588 84 1621 In
100 1590 286 1632 partesque
301 1589 394 1632 rapit
411 1590 533 1632 varias,
551 1601 682 1633 perque
698 1590 815 1623 omnia
831 1594 955 1623 versat.

17 1660 28 1670 .
39 1633 138 1667 Sicut
154 1645 253 1677 aquae
270 1634 461 1667 tremulum
477 1635 582 1668 labris
598 1635 659 1668 ubi
675 1635 795 1668 lumen
812 1636 932 1668 ahenis

39 1678 118 1712 Sole
133 1690 381 1723 repercussum,
398 1685 461 1713 aut
476 1680 645 1714 radiantis
661 1681 813 1724 imagine
830 1681 947 1723 Lunae,

40 1724 166 1758 Omnia
181 1725 368 1769 pervolitat
385 1725 456 1759 late
472 1725 557 1769 loca,
571 1727 714 1771 jamque
731 1726 794 1760 sub
811 1737 913 1760 auras
