1320 1932
408 90 625 126 AENEIDOS
650 91 737 127 LIB.
765 92 825 127 IX.
1119 92 1186 126 279

114 155 251 200 Egressi
268 161 433 201 superant
450 159 565 200 fossas,
584 159 763 202 noctisque
781 170 843 202 per
859 157 1020 192 umbram

70 201 187 235 Castra
203 202 345 236 inimica
363 207 499 246 petunt,
516 203 637 236 multis
654 207 773 237 tamen
790 208 872 237 ante
889 205 1000 237 futuri

69 247 195 280 Exitio.
244 247 377 280 Passim
395 260 512 281 somno
529 248 679 292 vinoque
696 260 757 292 per
773 249 921 284 herbam

69 292 215 336 Corpora
232 292 310 326 fusa
326 293 456 335 vident,
471 298 623 327 arrectos
640 294 741 327 litore
761 306 891 337 currus,

69 337 165 370 Inter
181 337 253 371 lora
269 342 430 382 rotasque
448 339 547 382 viros,
566 339 670 372 simul
687 351 783 373 arma
795 341 921 383 jacere,

69 382 159 416 Vina
176 383 288 416 simul.
338 384 435 416 Prior
453 384 662 426 Hyrtacides
680 385 728 418 sic
745 397 802 418 ore
819 385 957 419 locutus
971 398 978 419 :

70 428 88 444 “
99 427 257 470 Euryale,
273 426 472 459 audendum
490 428 621 461 dextra.
669 426 702 459 N
703 437 773 459 unc
790 428 864 469 ipsa
882 435 982 460 vocat
1000 438 1062 460 res.
1109 429 1176 461 320

70 471 146 504 Hac
162 472 229 504 iter
246 476 307 505 est.
356 472 416 514 Tu,
433 483 478 505 ne
494 483 564 515 qua
579 483 704 505 manus
723 483 757 505 se
774 472 934 505 attollere
950 472 1048 505 nobis

69 517 99 550 A
116 520 213 560 tergo
229 517 346 561 possit,
364 517 499 550 custodi
516 521 551 550 et
567 517 707 550 consule
723 517 835 561 longe.

70 562 154 595 Haec
171 573 233 605 ego
250 567 348 596 vasta
365 563 462 605 dabo,
480 567 516 596 et
532 563 604 596 lato
621 566 656 596 te
673 562 785 596 limite
802 560 956 596 ducam.’'

69 607 126 641 Sic
142 612 320 651 memorat,
336 619 522 651 vocemque
538 608 666 651 premit
680 621 688 648 ;
713 608 815 641 simul
833 619 913 641 ense
930 607 1117 652 superbum

71 652 301 686 Rhamnetem
318 653 528 696 aggreditur,
547 653 607 697 qui
624 654 712 686 forte
729 653 905 697 tapetibus
922 654 1002 687 altis

70 698 278 731 Exstructus
295 702 368 732 toto
385 699 553 742 proflabat
569 702 706 742 pectore
724 710 882 732 somnum
897 712 905 739 ;

71 743 148 776 Rex
164 744 266 786 idem,
284 748 319 777 et
335 744 409 787 regi
426 744 541 777 Turno
557 744 774 787 gratissimus
792 755 926 787 augur:

70 788 136 822 Sed
153 800 223 822 non
239 789 385 831 augurio
402 790 518 832 potuit
535 789 706 832 depellere
723 793 864 832 pestem.

71 834 151 867 Tres
163 835 271 877 juxta
287 834 435 867 famulos
452 838 580 867 temere
597 834 690 867 inter
706 834 778 867 tela
789 836 956 878 jacentes,

71 879 358 923 Armigerumque
377 880 476 912 Remi
493 879 628 923 premit,
647 879 874 923 aurigamque
892 879 955 913 sub
971 880 1055 924 ipsis
1119 882 1186 913 330

71 924 203 958 Nactus
220 925 316 968 equis
331 937 339 965 ;
363 925 523 968 ferroque
540 929 632 958 secat
648 925 837 969 pendentia
854 925 950 959 colla.

71 970 160 1004 Tum
177 974 282 1014 caput
298 970 365 1014 ipsi
382 971 496 1004 aufert
514 970 651 1004 domino
668 974 901 1015 truncumque
917 971 1084 1016 relinquit

72 1015 248 1059 Sanguine
265 1015 518 1059 singultantem
532 1028 540 1056 ;
566 1020 640 1049 atro
657 1017 832 1059 tepefacta
849 1028 968 1050 cruore

73 1061 175 1094 Terra
187 1061 321 1105 torique
334 1061 486 1095 madent.
519 1062 590 1094 Nec
603 1073 673 1095 non
690 1062 948 1106 Lamyrumque
962 1062 1186 1106 Lamumque,

73 1106 119 1139 Et
131 1107 295 1150 juvenem
313 1106 509 1149 Sarranum,
527 1107 589 1140 illa
605 1107 667 1150 qui
684 1107 835 1150 plurima
851 1112 953 1141 noete

73 1151 226 1194 Luserat,
243 1152 388 1195 insignis
405 1152 503 1193 facie,
519 1152 700 1196 multoque
711 1153 852 1196 Jaeebat

74 1196 230 1230 Membra
246 1197 308 1230 deo
325 1198 439 1231 victus
454 1210 460 1230 :
486 1198 581 1239 felix,
599 1198 627 1230 si
644 1202 809 1241 protenus
826 1198 928 1231 illum

73 1242 256 1286 AEquasset
272 1244 365 1276 nocti
383 1243 505 1275 ludum
522 1243 559 1275 in
575 1243 757 1286 lucemque
774 1243 920 1277 tulisset.

76 1288 249 1332 Impastus
266 1299 330 1321 ceu
346 1288 449 1332 plena
466 1288 518 1321 leo
535 1300 596 1332 per
612 1289 716 1322 ovilia
733 1289 878 1322 turbans
893 1301 901 1329 ;

75 1333 203 1366 Suadet
219 1334 312 1367 enim
328 1345 455 1367 vesana
471 1334 579 1367 fames
593 1347 601 1374 3
625 1334 830 1377 manditque
846 1335 1024 1378 trahitque
1121 1337 1189 1368 340

75 1378 181 1412 Molle
197 1390 301 1422 pecus
317 1383 525 1422 mutumque
541 1383 638 1412 metu
653 1392 661 1420 ;
685 1380 803 1413 fremit
820 1391 876 1413 ore
893 1384 1045 1415 cruento.

75 1423 147 1457 Nec
162 1425 275 1457 minor
293 1425 437 1468 Euryali
455 1425 564 1458 caedes
578 1437 584 1458 :
610 1425 772 1458 incensus
789 1429 825 1458 et
841 1426 915 1469 ipse

76 1469 228 1502 Perfurit
243 1482 250 1510 ;
275 1481 315 1503 ac
331 1470 480 1503 multam
496 1470 533 1502 in
549 1471 662 1503 medio
680 1471 752 1503 sine
769 1472 908 1504 nomine
925 1470 1070 1515 plebem,

77 1514 279 1559 Fadumque
297 1515 558 1559 Herbesumque
576 1516 678 1558 subit,
698 1515 940 1560 Rhoetumque,
959 1516 1179 1561 Abarimque,

78 1560 220 1604 Ignaros
235 1573 243 1601 ;
269 1561 435 1594 Rhoetum
452 1561 665 1604 vigilantem,
684 1565 719 1594 et
736 1566 862 1594 cuneta
879 1562 1056 1595 videntem
1069 1574 1078 1603 ;

78 1605 144 1639 Sed
159 1617 327 1649 magnum
343 1610 499 1639 metuens
517 1618 551 1639 se
568 1611 644 1650 post
662 1611 794 1640 cratera
810 1607 950 1650 tegebat
964 1620 970 1641 :

79 1650 220 1684 Pectore
236 1652 273 1684 in
290 1651 431 1685 adverso
449 1655 563 1685 totum
581 1652 637 1685 eui
654 1652 808 1685 eominus
825 1664 941 1685 ensem

80 1696 240 1730 Condidit
256 1698 460 1740 assurgenti,
479 1702 513 1730 et
529 1698 642 1730 multa
657 1702 767 1731 morte
782 1699 921 1742 recepit.

81 1741 294 1786 Purpuream
310 1743 419 1783 vomit
435 1743 493 1776 ille
510 1743 671 1786 animam,
689 1748 723 1777 et
740 1755 819 1776 eum
837 1744 1005 1787 sanguine
1021 1744 1135 1778 mixta
