1320 1932
587 103 631 137 CI
635 103 718 137 RIS.
1143 104 1212 137 389

99 173 292 217 Deprensos
308 175 435 206 nautas
453 171 594 205 canibus
611 171 777 204 lacerasse
793 170 945 203 marinis.

100 219 166 252 Sed
183 229 295 262 neque
311 217 469 251 Maeom'ae
486 217 559 250 haec
576 217 760 260 patiuntur
777 217 913 249 credere
931 217 1069 258 chartae,

99 264 172 297 Nec
188 263 301 297 malus
318 264 462 297 istorum
480 262 593 296 dubiis
611 261 782 295 erroribus
799 267 929 296 auctor.

99 310 258 354 Namque
275 310 360 343 alias
377 309 438 342 alii
454 308 558 352 vulgo
574 308 706 341 finxere
722 308 867 351 puellas,

101 356 184 397 Quae
203 355 454 399 Colophoniaco
471 354 595 397 Scyllae
608 354 771 387 dicantur
788 353 949 388 Homero.

101 402 173 446 Ipsi
190 413 250 434 seu
266 401 385 434 Lamie
400 404 511 433 mater
528 399 582 442 sit,
600 400 671 432 sive
689 399 841 442 Crataeis,

100 447 179 481 Sive
195 447 293 480 illam
309 450 462 479 monstro
479 446 601 489 genuit
619 445 743 478 Persea
759 445 908 488 biformi,

101 493 180 526 Sive
196 497 248 526 est
263 496 389 525 neutra
405 503 544 535 parens:
570 495 675 535 atque
692 491 756 524 hoc
772 491 810 524 in
827 491 978 524 carmine
995 494 1069 524 toto

101 539 261 582 Inguinis
278 542 329 571 est
346 537 473 570 vitium
490 541 525 570 et
543 537 687 570 Veneris
705 537 878 580 descripta
895 536 1022 577 libid0;

101 584 180 618 Sive
197 584 304 617 etiam
320 587 372 616 est
384 583 489 627 jactis
506 583 654 634 speciem
670 586 808 616 mutata
825 582 975 625 venenis,
1173 581 1217 615 70

102 630 230 663 Infelix
248 630 362 672 virgo:
389 629 473 672 quid
490 629 583 661 enim
600 628 816 661 commiserat
833 627 917 661 illa?

102 676 181 719 Ipse
197 678 296 719 pater
301 656 443 707 ”nudam
461 685 552 707 saeva
569 674 768 717 complexus
785 685 890 707 arena

103 721 311 765 Conjugium
328 731 414 753 carae
431 720 621 753 violaverat
638 719 885 763 Amphitrites:

102 768 267 800 Attamen
285 766 402 809 exegit
418 765 521 808 longo
538 769 615 809 post
632 769 785 809 tempore
802 776 931 809 poenas,

102 812 160 854 Ut,
178 823 285 856 quum
303 822 385 844 cura
403 812 456 844 sui
473 811 655 844 veheretur
672 811 828 854 conjugis
845 811 925 854 alto,

103 858 183 902 Ipsa
200 862 333 891 trucem
349 857 460 889 multo
476 857 634 889 misceret
652 857 821 899 sanguine
837 860 994 900 pontum.

102 903 170 937 Seu
186 915 275 945 vero,
292 906 334 935 ut
350 902 542 946 perhibent,
561 902 671 935 forma
688 913 796 945 quum
813 903 966 935 vinceret
983 912 1110 944 omneS,

102 949 148 982 Et
165 949 308 993 cupidos
325 952 461 992 quaestu
478 948 606 992 passim
624 947 785 991 spoliaret
802 951 968 989 amantes,

103 994 258 1028 Piscibus
276 998 311 1027 et
328 993 471 1027 canibus
488 993 617 1026 rabidis
634 993 766 1026 vallata
781 997 934 1037 repente,

103 1040 293 1074 Horribiles
311 1039 441 1072 circum
458 1039 548 1072 vidit
566 1050 600 1071 se
617 1039 743 1072 sistere*
752 1039 888 1072 formas
1174 1039 1219 1071 80

104 1086 184 1119 Heu
202 1085 335 1129 quoties
351 1086 478 1118 mirata
495 1095 599 1117 novos
614 1084 789 1136 expalluit
805 1087 921 1119 artus!

104 1132 185 1176 Ipsa
202 1143 279 1164 suos
296 1130 431 1177 quoties
447 1130 517 1163 heu
533 1129 714 1173 pertimuit
731 1129 898 1163 latratus!

104 1177 198 1210 Ausa
215 1177 307 1220 quod
325 1180 376 1209 est
392 1176 518 1208 mulier
534 1187 665 1208 numen
679 1175 842 1208 fraudare
859 1175 1011 1218 deorum,

105 1223 152 1256 Et
169 1223 300 1256 dietam
317 1221 445 1254 Veneri
461 1225 620 1254 votorum
637 1225 770 1254 vertere
787 1233 936 1265 poenam,

105 1268 227 1310 Quam,
244 1267 337 1301 mala
353 1267 570 1310 multiplici·
555 1278 727 1310 Juvenum
744 1267 836 1310 quod
854 1271 952 1310 septa
969 1270 1108 1300 caterva

104 1314 251 1347 Dixerat
268 1318 373 1357 atque
390 1313 506 1346 animo
521 1312 688 1345 meretrix
700 1314 836 1356 jactata
851 1313 1014 1355 ferarum,

106 1360 279 1392 Infamem
296 1359 359 1392 tali
376 1359 498 1391 merito
515 1369 651 1391 rumore
668 1358 784 1400 fuisse,

105 1405 216 1438 Docta
234 1404 451 1448 Palaephatia
469 1408 619 1436 testatur
635 1415 717 1437 voce
734 1415 897 1448 papyrus.

107 1451 294 1494 Quidquid,
313 1456 346 1483 et
364 1454 405 1482 ut
423 1450 568 1493 quisque
585 1453 637 1482 est
654 1449 718 1482 tali
735 1449 778 1482 de
794 1449 892 1483 clade
908 1449 1056 1491 locutus,

107 1496 232 1529 Omnia
249 1497 336 1529 sint:
362 1496 478 1539 potius
495 1495 599 1528 liceat
615 1498 790 1528 notescere
808 1495 916 1536 Cirin,
1177 1496 1222 1528 90

107 1544 221 1586 Atque
239 1553 343 1574 unam
360 1552 404 1573 ex
420 1540 541 1573 multis
559 1540 711 1584 Scyllam
727 1552 798 1573 non
814 1552 886 1573 esse
902 1541 1037 1585 puellis.

107 1588 231 1630 Quare,
249 1598 335 1630 quae,
353 1591 475 1619 cantus
492 1586 678 1619 meditanti
694 1587 832 1619 mittere
849 1592 969 1629 certos,

107 1633 239 1676 Magna
254 1633 342 1665 mihi
359 1632 485 1676 cupido
501 1631 673 1665 tribuistis
690 1632 841 1675 praemia,
859 1632 947 1665 divae

108 1678 467 1720 Pierides‚—quarum
483 1681 593 1710 castos
610 1677 736 1710 altaria
752 1682 866 1721 postes

108 1724 255 1757 Munere
272 1735 362 1767 saepe
377 1734 453 1756 meo
470 1723 642 1766 inficiunt,
658 1722 859 1767 foribusque
875 1723 1060 1767 hyacinthi

108 1769 297 1813 Deponunt
312 1769 420 1811 fiores,
438 1772 500 1802 aut
517 1780 622 1802 suave
637 1769 765 1802 rubens
781 1769 964 1812 narcissus,
