1345 1927
163 87 230 119 252
465 84 502 118 P.
530 84 736 118 VIRGILII
763 82 977 117 MARONIS

161 151 219 186 Sol
236 152 392 186 medium
409 152 488 186 coeli
505 152 753 186 conscenderat
770 151 893 195 igneus
912 150 1039 194 orbem,

164 197 281 238 Quum
298 209 413 231 muros
430 209 614 242 arcemque
632 197 753 241 procul
770 208 810 230 ac
827 208 906 230 rara
923 196 1104 229 domorum

164 243 271 277 Tecta
288 243 420 287 vident,
438 254 515 288 quae
532 254 627 276 nunc
646 243 803 276 Romana
820 242 980 286 potentia
996 241 1082 275 eoeJo

163 288 332 332 AEquavit
346 301 354 330 ;
379 292 456 322 tum
474 300 528 322 res
546 290 665 333 inopes
683 288 866 322 Evandrus
884 287 1045 321 habebat.
1215 288 1281 320 100

164 334 269 367 Ocius
287 334 476 368 advertunt
494 346 623 378 proras,
641 334 787 377 urbique
804 333 1051 377 propinquant.

210 379 313 413 Forte
331 380 386 413 die
404 380 590 413 solemnem
607 380 668 412 illo
685 390 745 412 rex
765 379 872 412 Arcas
890 379 1054 412 honorem
1096 389 1098 391 ’

165 424 488 469 Amphitryoniadae
505 436 632 469 magno
650 425 808 468 divisque
826 424 960 457 ferebat

164 470 258 503 Ante
275 470 395 503 urbem
413 470 449 502 in
468 470 554 503 luco.
604 470 720 503 Pallas
738 470 821 503 huic
838 469 931 502 filius
948 480 1028 511 una,

164 514 244 549 Una
261 526 378 549 omnes
390 517 564 558 juvenum
580 515 695 559 primi,
712 526 912 558 pauperque
930 520 1082 557 senatus,

165 560 282 594 Thura
299 560 431 593 dabant
446 573 454 600 ;
480 561 687 604 tepidusque
704 571 804 593 cruor
820 560 979 593 fumabat
995 560 1039 594 ad
1057 571 1144 594 aras,

166 606 214 639 Ut
231 606 339 639 celsas
357 605 473 639 videre
490 609 591 648 rates,
609 610 714 649 atque
730 605 822 638 inter
838 616 985 649 opacum

165 651 283 684 Allabi
301 663 432 694 nemus,
451 655 486 684 et
504 651 622 684 tacitis
637 651 839 684 incumbere
855 650 957 684 remis
972 662 978 683 :

164 697 354 730 'ferrentur
371 697 448 730 visu
466 697 590 740 subit-o,
609 697 797 740 cunctique
814 695 944 729 relictis

165 742 388 785 Consurgunt
404 743 541 776 mensis.
594 742 721 776 Audax
739 753 823 784 quos
840 752 1000 785 rumpere
1018 741 1134 775 Pallas
1217 743 1280 775 110

166 787 270 821 Sacra
287 791 392 830 vetat,
410 791 579 832 raptoque
597 788 691 821 volat
709 787 777 820 telo
795 787 915 820 obvius
933 787 1006 831 ipse
1019 799 1029 828 3

167 833 213 867 Et
230 832 348 876 procul
365 842 383 865 e
401 829 555 864 tumulo:
581 831 599 848 ‘⁴
611 830 635 863 J
638 840 774 870 uveneS‚
792 840 869 872 quae
887 840 990 862 causa
1007 828 1144 873 subegit

169 879 311 922 Iguotas
328 880 462 910 tentare
480 875 578 909 vias?
604 886 670 918 quo
688 874 831 908 tenditis
848 874 881 907 ?''
906 875 1033 917 inquit.

167 923 261 964 “Qui
278 921 406 966 genus?
431 921 524 954 unde
541 920 641 953 domo
652 919 664 952 'l
689 930 853 963 pacemne
870 919 937 953 huc
954 921 1060 962 fertis,
1075 932 1121 954 an
1137 931 1234 955 arma
1242 921 1277 954 ’Ψ

168 968 257 1002 Tum
275 971 372 1011 pater
388 966 514 999 AEneas
531 965 640 1009 puppi
658 965 706 998 sic
722 965 818 998 fatur
834 964 877 998 ab
895 965 976 1007 alta,

169 1013 402 1056 Pacifereeque
417 1022 525 1044 manu
541 1021 675 1043 ramum
693 1010 878 1054 praetendit
895 1010 994 1044 olivae
1012 1024 1020 1046 :

168 1059 186 1075 ‘⁶
198 1058 410 1101 Trojugenas
426 1068 466 1090 ac
484 1056 553 1089 tela
570 1055 665 1088 vides
683 1055 826 1088 inimica
843 1055 976 1089 Latinis
992 1069 1001 1097 ;

169 1103 260 1144 Quos
278 1103 330 1135 illi
347 1102 436 1135 bello
454 1102 617 1145 profugos
633 1111 732 1143 egere
749 1100 904 1143 superbo.

168 1148 371 1181 Evandrum
388 1147 547 1190 petimus.
597 1145 698 1178 Ferte
715 1145 788 1178 haec
805 1149 840 1178 et
856 1146 970 1188 dicite,
989 1146 1094 1180 lectos

168 1192 354 1226 Dardaniae
372 1192 505 1225 venisse
522 1191 634 1233 duces,
652 1190 743 1224 socia
758 1201 855 1224 arma
867 1193 1058 1234 rogantes.”
1212 1196 1278 1227 120

168 1236 358 1281 Obstupuit
375 1240 473 1270 tanto
490 1247 670 1280 percussus
687 1237 825 1269 nomine
842 1236 956 1270 Pallas
971 1249 977 1270 :

167 1283 185 1299 “
197 1282 367 1325 Egredere
384 1293 403 1315 o
420 1282 630 1325 quicumque
646 1280 714 1323 es‚'’
728 1281 788 1323 ait,
806 1282 1013 1326 “coramque
1029 1288 1208 1326 parentem

167 1325 360 1371 Alloquere,
378 1338 418 1360 ae
435 1327 560 1360 nostris
577 1326 720 1360 succede
736 1327 918 1370 penatibus
936 1327 1090 1372 hospes.'’

166 1368 384 1412 Excepitque
400 1380 516 1413 manu,
533 1369 761 1414 dextramque
778 1371 960 1416 amplexus
976 1373 1125 1408 inhaesit.

167 1412 342 1457 Progressi
359 1415 510 1448 subeunt
526 1415 613 1457 luco,
631 1416 844 1461 fluviumque
860 1418 1072 1463 relinquunt.

212 1460 300 1492 Tum
317 1471 433 1502 regem
450 1461 577 1495 AEneas
594 1462 696 1495 dictis
713 1462 840 1496 affatur
856 1464 977 1498 amicis
991 1477 998 1498 :

163 1501 182 1518 “
193 1502 333 1546 Optime
351 1505 598 1548 Gxajugenuln,
617 1507 673 1539 cui
690 1518 745 1539 me
762 1507 904 1541 fortuna
923 1508 1065 1552 precari,

162 1545 209 1579 Et
227 1547 317 1579 vitta
335 1552 464 1580 comtos
483 1548 593 1582 voluit
610 1549 824 1592 praetendere
840 1562 953 1585 ramos
967 1565 976 1593 ;

162 1591 241 1624 Non
259 1592 418 1636 equidem
435 1593 593 1636 extimui,
611 1595 773 1628 Danaum
790 1597 880 1639 quod
898 1597 1032 1641 ductor,
1049 1602 1085 1632 et
1101 1599 1218 1644 Arcas,

163 1637 331 1681 Quodque
348 1638 392 1671 ab
410 1638 517 1682 stirpe
534 1640 623 1673 fores
639 1641 787 1683 geminis
805 1643 1010 1685 conjunctus
1027 1644 1160 1680 Atridis
1174 1659 1183 1688 ;
1212 1650 1277 1682 130

161 1681 228 1715 Sed
246 1694 323 1716 mea
338 1695 394 1716 me
411 1684 532 1728 virtus,
549 1689 584 1718 et
601 1690 722 1719 sancta
738 1687 877 1721 oracula
893 1687 1025 1733 divum,

163 1727 377 1773 Cognatique
393 1733 519 1774 patres,
537 1735 598 1765 tua
615 1732 715 1766 terris
732 1732 844 1767 didita
861 1734 965 1778 fama,
