1320 1932
421 69 640 103 AENEIDOS
664 69 751 102 LIB.
777 69 818 102 X.
1129 69 1196 100 299

79 136 170 177 Quos
187 139 286 181 patre
302 137 438 170 Benaco
456 137 589 170 velatus
606 137 777 170 arundine
793 136 920 179 glauca

77 181 229 215 Mincius
246 182 374 216 infesta
390 183 539 215 ducebat
555 183 592 215 in
610 193 748 226 aequora
764 182 860 225 pinu.

123 228 158 260 It
174 228 289 271 gravis
307 228 474 270 Aulestes,
493 232 707 271 centenaque
723 228 842 260 arbore
859 227 988 260 fluctus

77 272 244 306 Verberat
261 285 442 317 assurgens
456 285 463 306 ε
489 278 654 317 spumant
670 274 760 306 vada
776 283 944 306 marmore
964 283 1068 306 verso.

75 317 182 351 Hunc
199 319 296 352 vehit
311 319 472 352 immanis
489 319 610 351 Triton
627 323 662 351 et
679 318 807 351 caerula
824 318 955 351 coneha

74 363 262 397 Exterrens
279 365 369 398 freta
383 376 390 398 ς
416 365 473 397 cui
489 364 639 397 laterum
655 369 757 397 tenus
775 364 913 407 hispida
929 363 1031 396 nanti
1124 364 1192 395 210

74 408 182 442 Frons
200 410 375 442 hominem
391 410 540 454 praefert,
557 410 595 442 in
612 410 737 453 pristin
755 409 882 442 desinit
899 409 998 442 alvus
1013 421 1022 450 ς

74 453 224 498 Spumea
241 455 398 488 semifero
416 455 479 488 sub
496 459 634 499 pectore
650 459 847 488 murmurat
863 454 968 488 unda.

73 499 138 532 Tot
154 500 237 533 lecti
254 512 408 543 proceres
426 505 478 534 ter
495 501 592 534 denis
608 501 755 534 navibus
772 501 871 533 ibant

73 544 232 578 Subsidio
249 546 368 590 Trojae,
385 550 420 579 et
437 558 575 590 campos
593 547 673 579 salis
690 557 756 579 aere
774 546 946 579 secabant.

119 591 271 635 Jamque
288 591 360 624 dies
377 592 461 625 coelo
479 596 701 634 concesserat,
719 592 879 635 almaque
896 602 1002 624 curru

72 635 105 668 N
107 637 265 680 octivago
282 636 411 670 Phoebe
427 637 581 670 medium
599 636 761 681 pulsabat
779 637 968 680 Olympum
982 648 990 671 :

71 681 211 724 AEneas,
229 693 340 726 neque
357 682 450 715 em'm
466 683 628 716 membris
645 683 706 715 dat
723 694 806 715 cura
823 682 984 725 quietem,

72 726 151 770 Ipse
169 728 288 761 sedens
306 728 512 771 clavumque
528 728 619 771 regit
636 728 789 771 velisque
806 728 991 761 ministrat.

71 773 188 816 Atque
204 773 257 806 illi
272 773 385 806 medio
402 774 439 806 in
457 773 567 816 spatio
585 773 708 806 chorus
726 784 803 806 ecce
820 784 961 805 suarum

72 817 230 851 Occurrit
249 818 436 852 comitum:
461 819 495 851 N
495 819 644 862 ymphae,
663 830 747 862 quas
764 818 857 851 alma
875 817 1009 861 Cybebe
1122 819 1190 851 220

70 863 209 897 Numen
226 863 352 897 habere
367 864 481 907 maris,
499 864 748 908 Nymphasque
765 875 783 896 e
799 864 947 897 navibus
966 875 1037 897 esse

70 909 97 942 J
101 913 239 952 usserat,
255 909 428 942 innabant
444 910 583 953 pariter,
602 909 798 952 fluctusque
816 909 988 953 secabant,

71 954 164 995 Quot
180 956 277 998 prius
295 959 410 988 aeratae
428 959 597 988 steterant
614 955 658 988 ad
676 955 778 988 litora
796 966 912 998 prorae.

69 1000 275 1043 Agnoscunt
291 1000 393 1043 longe
409 1012 535 1044 regem,
553 1001 773 1044 lustrantque
791 1001 932 1034 choreis.

71 1046 236 1090 Quarum,
254 1058 330 1090 quae
347 1046 445 1079 fandi
462 1046 669 1089 doctissima,
688 1046 901 1090 Cymodocea

69 1090 164 1124 Pone
181 1103 325 1136 sequens
343 1091 466 1125 dextra
482 1093 629 1136 puppim
645 1096 751 1134 tenet,
768 1092 910 1136 ipsaque
929 1092 1026 1126 dorso

68 1136 218 1179 Eminet,
237 1148 277 1170 ac
293 1137 380 1170 laeva
396 1137 516 1177 tacitis,
530 1137 743 1180 subremigat
759 1137 872 1170 undis.

32 1196 36 1199 ¹
69 1182 159 1215 Tum
176 1183 224 1216 sic
241 1183 403 1226 ignarum
420 1183 630 1226 alloquitur:
664 1185 684 1201 ‘⁶
697 1184 882 1227 Vigilasne,
900 1184 1003 1216 deum
1021 1195 1115 1226 gem,

68 1228 201 1262 AEnea?
228 1228 344 1272 vigila,
361 1232 397 1261 et
415 1228 500 1261 velis
517 1228 668 1261 immitte
684 1228 857 1261 rudentes.

67 1273 139 1306 Nos
157 1285 274 1307 sumus
292 1274 394 1306 Idaeae
412 1285 505 1306 sacro
523 1274 566 1307 de
583 1274 711 1306 vertice
728 1273 841 1317 pinus,
1119 1275 1186 1306 230

66 1319 102 1352 N
103 1331 172 1352 unc
188 1319 303 1363 pelagi
320 1319 501 1362 Nymphae,
520 1319 636 1352 classis
654 1324 725 1352 tua.
775 1318 932 1351 Perfidus
948 1322 989 1351 ut
1006 1329 1067 1352 nos

67 1365 269 1409 Praecipites
285 1365 375 1398 ferro
394 1365 547 1398 Rutulus
563 1364 771 1408 flammaque
788 1363 975 1408 premebat,

68 1410 241 1454 Rupimus
258 1410 380 1443 invitae
396 1414 459 1443 tua
475 1410 625 1452 vincula,
644 1414 747 1453 teque
763 1421 824 1453 per
842 1421 957 1452 aequor

67 1456 271 1497 Quaerimus.
320 1455 422 1488 Hanc
441 1456 606 1489 Genetrix
623 1456 747 1489 faciem
764 1455 927 1488 mjserata
944 1454 1074 1497 refecit,

65 1501 112 1534 Et
129 1501 226 1535 dedit
243 1512 315 1534 esse
331 1501 421 1544 deas,
438 1512 620 1545 aevumque
637 1502 769 1544 agitare
786 1501 849 1533 sub
866 1500 979 1534 undis.

65 1547 114 1580 At
131 1558 217 1590 puer
233 1547 402 1580 Ascanius
418 1558 517 1580 muro
533 1547 701 1589 fossisque
717 1550 856 1579 tenetur

65 1592 148 1625 Tela.
164 1593 256 1626 inter
272 1592 387 1625 media
403 1597 508 1636 atque
524 1592 702 1625 horrentes
719 1591 833 1625 Marte
851 1591 1003 1626 Latinos.

65 1638 92 1671 J
93 1649 150 1671 am
166 1638 241 1671 loca
252 1639 350 1682 jussa
367 1643 488 1671 tenent
503 1638 587 1671 forti
603 1638 796 1681 permixtus
814 1637 960 1670 Etrusco

65 1683 173 1717 Arcas
190 1694 302 1727 eques.
349 1683 484 1716 Medias
500 1683 570 1716 iuis
587 1694 756 1727 opponere
774 1687 917 1725 turmas,

65 1728 118 1763 Ne
135 1729 256 1763 castris
269 1730 430 1773 jungant,
448 1733 542 1763 certa
559 1733 610 1763 est
627 1729 801 1763 sententia
819 1728 943 1762 Turno.
1114 1728 1183 1760 240

1310 1642 1320 1722 ..·..·.:...-.
1307 0 1320 1635 Q.xa==.m——m——q——m————————-——⁵
