1345 1927
91 31 161 64 138
395 29 434 64 P.
453 30 658 65 VIRGILII
683 31 897 67 MARONIS

91 96 386 143 Pergameamque
403 109 496 142 voco,
514 103 550 133 et
565 99 684 134 laetam
701 101 905 144 cognomine
921 103 1063 145 gentem

91 142 222 177 Hortor
238 155 354 177 amare
369 144 472 188 focos,
489 156 673 189 arcemque
689 146 848 179 attollere
865 147 976 180 tectis.

90 188 244 233 Jamque
260 190 333 223 fere
350 190 439 224 sicco
456 190 636 224 subductae
654 192 755 225 litore
772 203 907 236 puppes
921 204 930 232 ;

91 234 282 269 Connubiis
299 236 459 279 arvisque
476 236 574 270 novis
591 241 733 281 operata
745 238 915 280 juventus
930 250 938 278 ;

92 279 117 314 J
119 291 183 314 ura
199 280 386 324 domosque
403 281 529 315 dabam
544 294 552 323 ;
577 283 692 316 subito
709 293 818 326 quum
835 282 956 316 tabida
971 282 1142 328 membris,

93 325 261 371 Corrupto
278 327 356 361 coeli
373 331 499 369 tractu,
517 328 782 372 miserandaque
799 328 896 362 venit

91 371 349 417 Arboribusque
367 373 519 417 satisque
535 373 620 416 lues,
637 378 673 407 et
690 374 806 407 letifer
823 385 944 407 annus.
1303 362 1312 465 ι

92 416 314 462 Linquebant
331 418 449 451 dulces
466 419 610 462 animas,
627 424 690 452 aut
708 430 801 463 aegra
817 419 1004 453 trabebant
1147 422 1213 453 140
1303 443 1305 446 ⁴

94 461 242 507 Corpora
256 477 264 504 ;
290 468 368 497 tum
384 464 516 496 steriles
534 475 678 498 exurere
696 464 805 498 Sirius
822 476 921 508 agros
936 478 944 506 ;
1309 466 1311 470 ’

92 509 248 542 Arebant
265 509 389 550 herbae,
407 514 442 542 et
460 510 592 542 victum
610 521 704 553 seges
722 521 814 554 aegra
829 510 989 554 negabat.

94 554 226 587 Rursus
244 555 288 588 ad
305 554 460 588 oraclum
478 554 631 598 Ortygiae
650 555 888 599 Phoebumque
904 567 1060 590 remenso

93 599 268 633 Hortatur
283 603 384 644 pater
400 600 449 633 ire
465 600 564 643 mari,
581 601 788 645 veniamque
805 601 939 644 precari
953 614 959 635 :

95 645 208 686 Quam
224 646 322 679 fessis
338 645 443 678 finem
462 645 563 679 rebus
580 647 679 690 ferat,
697 647 789 680 unde
806 645 964 680 laborum

93 690 242 725 Tentare
259 691 433 725 auxilium
445 691 663 736 jubeat‚,quo
680 698 813 726 vertere
831 703 960 726 cursus,

141 741 158 757 “
173 739 251 772 Nox
270 743 353 779 erat,
372 745 407 771 et
425 737 525 770 terris
543 737 867 771 animalia-somnus
884 736 1056 770 habebat:

90 780 231 825 Effigies
249 794 352 816 sacrae
370 783 491 816 divum
509 784 722 829 Phrygiique
738 789 891 828 penates,

90 827 182 867 Quos
199 839 337 861 mecum
354 840 374 861 a
392 829 493 872 Troja
509 831 701 874 mediisque
717 842 760 863 ex
777 829 917 873 ignibus
933 829 1028 863 urbis

88 872 305 916 Extuleram‚
318 875 382 907 visi
400 881 482 908 ante
499 876 614 909 oeulos
631 876 768 909 adstare
779 876 930 919 jacentis
1140 878 1206 910 150

89 918 132 951 In
150 920 287 963 somnis,
304 920 416 954 multo
432 921 610 954 manifesti
627 922 769 964 lumine,
787 933 857 965 qua
873 932 908 954 se

88 963 199 998 Plena
215 977 276 1009 per
292 966 438 1000 insertas
456 967 625 1000 fundebat
643 967 727 1001 luna
744 968 911 1001 fenestras
925 980 933 1008 3

87 1009 177 1043 Tum
195 1011 243 1044 sic
260 1011 369 1055 affari,
386 1016 422 1046 et
439 1023 539 1046 curas
559 1013 613 1046 his
630 1013 765 1046 demere
783 1013 885 1047 dictis
900 1025 906 1045 :

93 1056 101 1072 ‘
122 1054 221 1094 Quod
240 1055 305 1087 tibi
322 1055 439 1089 delato
460 1058 642 1101 Ortygiam
660 1059 818 1092 dicturus
835 1055 961 1098 Apollo
978 1059 1039 1097 est,

87 1098 156 1131 Hic
174 1099 279 1142 canit,
297 1104 332 1132 et
349 1104 411 1133 tua
428 1111 489 1133 nos
507 1112 550 1133 en
568 1101 660 1134 ultro
677 1102 721 1134 ad
738 1102 861 1135 limina
877 1102 998 1136 mittit.

84 1143 156 1177 Nos
173 1149 217 1187 te,
235 1144 414 1178 Dardania
430 1145 580 1188 incensa,
599 1151 730 1191 tuaque
746 1159 843 1181 arma
860 1149 980 1190 secuti,

84 1189 156 1223 Nos
173 1190 350 1223 tumidum
367 1191 430 1224 sub
447 1195 482 1224 te
499 1192 671 1234 permensi
688 1193 854 1226 classibus
871 1203 997 1237 aequor‚

85 1235 185 1269 Idem
202 1241 366 1269 venturos
382 1236 543 1270 tollemus
560 1237 597 1270 in
614 1242 708 1271 astra
725 1243 876 1282 nepotes,

85 1281 348 1326 Imperiumque
365 1282 443 1315 urbi
460 1282 629 1316 dabimus.
671 1284 724 1317 'ru
740 1285 869 1318 moenia
883 1285 1021 1329 magnis

84 1327 217 1371 Magna
233 1339 327 1372 para,
345 1328 559 1372 longumque
575 1329 668 1373 fugae
685 1341 729 1363 ne
746 1330 864 1374 linque
881 1330 1042 1365 laborem.
1138 1334 1204 1367 160

83 1373 267 1407 Mutandae
285 1374 389 1407 sedes.
431 1374 510 1407 Non
527 1374 602 1408 haec
620 1375 684 1408 tibi
701 1375 805 1410 litora
821 1376 931 1410 suasit

83 1418 215 1462 Delius,
233 1424 296 1453 aut
314 1419 422 1453 Cretae
437 1420 542 1463 jussit
560 1421 746 1465 considere,
764 1422 897 1466 Apollo.

83 1464 147 1498 Est
163 1465 268 1508 locus,
288 1465 494 1509 Hesperiam
512 1466 607 1499 Graii
624 1467 827 1510 cognomine
843 1468 988 1502 dicunt:

83 1510 189 1544 Terra
205 1511 360 1554 antiqua,
378 1514 500 1555 potens
518 1512 632 1555 armis,
650 1518 757 1557 atque
774 1513 878 1547 ubere
894 1513 1002 1558 glebae
1015 1526 1026 1556 5

85 1556 223 1590 OEnotri
241 1556 376 1590 coluere
394 1556 459 1589 viri
474 1569 482 1597 ;
506 1568 601 1591 nunc
616 1559 721 1602 fama,
737 1559 886 1593 minores

83 1602 229 1636 Italiam
246 1602 374 1635 dixisse
391 1602 489 1636 ducis
506 1603 548 1636 de
564 1604 704 1637 nomine
721 1609 870 1648 gentem.

83 1647 149 1680 Hae
167 1648 264 1681 nobis
281 1648 429 1692 propriae
447 1648 541 1682 sedes
557 1662 564 1689 ;
589 1649 671 1683 hinc
688 1650 873 1684 Dardanus
890 1654 995 1694 ortus,

84 1693 267 1738 Iasiusque
284 1698 392 1738 pater,
410 1705 519 1738 genus
536 1706 557 1728 a
573 1706 640 1740 quo
657 1696 814 1741 principe
829 1701 996 1732 nostrum.
