1345 1927
94 89 138 120 56
302 84 339 118 Ρ.
358 84 483 118 VIRG.
510 83 622 117 MAR.
649 82 813 118 GEORG.
838 83 926 118 LIB.
953 83 1001 118 11.

93 151 172 196 Ipse
190 151 262 184 dies
279 150 392 194 agitat
407 151 513 184 festos
529 163 536 191 ;
561 151 728 194 fususque
745 161 806 194 per
823 149 976 190 herbam,

93 197 190 240 Ignis
208 197 268 230 ubi
285 197 322 229 in
339 196 463 240 medio,
483 200 518 229 ct
535 196 619 229 socii
636 200 771 229 cratera
788 200 965 238 coronant,

91 243 139 276 Te
156 243 278 285 libans,
297 242 431 285 Lenaee,
449 245 549 275 vocat
564 254 572 283 ;
597 241 798 286 pecorisque
814 241 990 285 magistris

92 288 227 322 Velocis
239 288 352 332 jaculi
370 287 562 321 certamina
577 287 677 332 ponit
694 287 731 320 in
747 287 853 330 ulmo,

91 334 308 379 Corporaque
325 334 455 377 agresti
471 333 608 366 nudant
625 333 787 377 praedura
803 332 977 377 palaestra.

91 380 194 414 Hanc
211 380 294 414 olim
310 384 442 413 veteres
460 379 570 413 vitam
587 379 722 412 coluere
740 377 859 412 Sabini
875 390 882 419 ;

90 425 194 459 Hanc
211 426 340 459 Remus
357 429 392 459 et
409 425 536 466 frater;
561 425 610 458 sic
625 425 725 458 fortis
743 424 886 458 Etruria
903 423 1012 457 crevit
1029 436 1037 465 ;

89 471 230 505 Scilicet
247 475 282 505 et
298 482 414 504 rerum
431 472 527 504 facta
543 474 596 504 est
612 470 849 515 pulcherrima
867 469 986 512 Roma,

88 517 298 562 Septemque
315 528 387 550 una
404 517 468 549 sibi
485 528 584 550 muro
602 516 831 550 circumdedit
847 526 951 549 arces.

88 562 182 597 Ante
199 563 307 597 etiam
324 566 500 606 sceptrum
518 562 645 595 Dictaei
660 562 762 605 regis,
780 565 815 594 et
832 564 915 594 ante

89 608 207 654 Impia
225 619 330 653 quam
348 608 443 641 caesis
460 619 544 652 gens
562 611 614 641 est
631 607 774 650 epulata
786 606 958 650 juvencis,

87 655 225 688 Aureus
241 655 332 688 hanc
349 653 460 687 vitam
476 653 514 686 in
530 653 632 686 terris
650 653 822 686 Saturnus
839 651 974 696 agebat.

87 700 248 734 Necdum
264 700 370 733 etiam
387 699 571 733 audierant
588 698 703 732 inflari
720 698 871 741 classica,
889 697 1038 731 necdum

89 746 274 791 Impositos
291 745 387 779 duris
405 745 574 790 crepitare
590 744 778 778 incudibus
796 754 901 777 enses

135 792 203 826 Sed
219 803 280 825 nos
297 791 505 825 immensum
522 790 644 835 spatiis
662 790 871 823 confecimus
891 799 1017 832 aequor,

88 837 135 872 Et
147 839 223 883 jam
239 841 377 882 tempus
394 837 525 882 equum
541 836 716 870 fumantia
734 836 863 869 solvere
881 835 977 868 colla.

1148 285 1216 319 530

1147 743 1216 776 540
