1345 1927
436 89 701 123 GEORGICON
726 89 813 123 LIB.
839 89 900 123 IV.
1182 92 1226 122 83

115 154 355 199 Obstupuere3
380 155 438 189 sed
455 160 537 190 ante
553 156 639 190 alias
656 157 831 191 Arethusa
847 169 975 191 sorores

113 199 337 244 Prospiciens,
355 213 489 234 summa
505 202 635 235 flavum
652 207 758 246 caput
775 203 903 236 extulit
919 203 1037 244 unda3

113 245 160 279 Et
176 246 316 290 procul:
349 245 409 279 “O
425 247 560 289 gemitu
576 259 646 282 non
662 249 793 300 frustra
809 251 977 285 exterrita.
993 254 1102 292 tanto,

114 291 246 335 Cyrene
262 303 363 335 soror,
380 292 453 336 ipse
470 292 544 335 tibi,
560 298 624 326 tua
638 293 793 326 maxima
809 304 901 335 cura,

113 337 236 370 'Pristis
252 337 421 371 Aristaeus
438 319 545 370 Penei
560 338 726 381 genitoris
743 339 787 372 ad
804 340 936 372 undam

114 382 192 416 Stat
208 383 402 426 lacrimans,
420 388 456 417 et
472 387 507 416 te
524 384 698 416 crudelem
713 385 852 418 nomine
869 385 963 419 dicit.

113 428 209 462 Huic
224 440 386 473 percussa
401 440 490 463 nova
506 433 658 463 mentem
674 430 858 464 formidine
874 435 996 474 mater,

114 475 230 517 “Due,
247 485 320 518 age,
337 474 405 508 duc
422 475 466 508 ad
483 486 569 516 nos;
592 476 645 509 fas
661 476 715 509 1111
731 476 854 510 limina
871 477 992 511 divum

114 519 302 562 Tangeress'
319 520 392 560 ait3
416 520 519 554 simul
537 502 608 555 aita
621 521 722 570 jubet
739 522 911 556 discedere
928 523 999 556 late

115 564 289 608 Flumina,
306 576 374 608 qua
387 564 526 609 juvenis
543 575 678 616 gressus
694 564 849 597 inferret.
895 565 945 598 At
960 565 1062 598 11111111
1161 565 1228 597 360

209 614 268 643 ata
283 611 321 643 in
336 610 465 643 montis
481 610 608 643 faciem
625 610 856 643 circumstetit
874 610 975 653 unda,

115 655 328 700 Accepitque
346 656 424 689 sinu
441 661 547 698 vasto,
564 655 729 698 misitque
746 655 809 688 sub
826 667 972 689 amnem.

117 701 267 745 Jamque
284 702 424 735 domum
440 701 569 734 mirans
586 701 779 745 genetriciS‚
797 705 831 734 et
848 701 993 735 humida
1009 712 1125 745 regna,

116 746 365 790 speluncisque
381 747 478 780 lacus
495 747 637 789 clausos,
654 746 816 790 lucosque
834 752 1003 791 sonantes,

117 792 208 836 Ibat,
226 796 270 835 et,
287 792 422 836 ingenti
438 796 536 825 motu
554 792 769 836 stupefactus
786 803 965 836 aquarum,

118 837 243 871 Omnia
259 838 322 871 sub
338 849 466 881 magna
481 837 635 871 labentia
651 837 798 870 flumina
813 841 906 871 terra

117 883 303 927 Spectabat
321 883 455 916 diversa
470 883 563 926 locis,
580 883 799 926 Phasimque,
816 883 1026 927 Lycumque,

115 929 163 962 Et
180 933 294 973 caput,
311 929 405 962 unde
422 929 514 962 altus
532 929 684 973 primum
701 940 735 962 se
753 929 903 973 erumpit
920 929 1083 973 Enipeus,

117 975 219 1007 Unde
235 978 335 1019 pater
350 974 539 1016 Tiberinus,
558 980 592 1008 et
609 974 703 1007 unde
719 974 855 1007 Aniena
870 975 1012 1018 fluenta,

117 1020 352 1072 Saxosumque
369 1031 492 1054 sonans
510 1020 679 1064 Hypanis,
697 1020 886 1064 Mysusque
903 1021 1036 1064 Caicus,
1164 1023 1232 1054 370

118 1066 165 1100 Et
181 1066 320 1109 gemina
336 1070 479 1099 auratus
497 1067 636 1099 taurino
654 1077 783 1099 cornua
799 1066 902 1099 vultu

118 1111 302 1155 Eridanus,
319 1123 386 1156 quo
403 1123 473 1145 non
490 1112 579 1146 alius
596 1123 656 1156 per
673 1112 819 1155 pinguia
836 1112 933 1146 culta

120 1158 164 1191 In
179 1169 273 1191 mare
290 1169 504 1202 purpureum
521 1157 703 1191 violentior
720 1157 829 1191 effluit
847 1158 967 1192 amnis.

120 1203 310 1247 Postquam
326 1208 377 1237 est
393 1204 431 1236 in
448 1203 593 1237 thalami
610 1203 809 1256 pendentia
815 1204 952 1247 pumice
968 1208 1062 1238 tecta

121 1249 341 1292 Perventum,
359 1253 394 1282 et
410 1249 486 1282 nati
502 1249 605 1282 fletus
623 1249 783 1292 cognovit
800 1250 919 1282 inanes

121 1294 263 1338 Cyrene,
278 1295 438 1339 manibus
455 1294 604 1338 liquidos
623 1294 708 1327 dant
725 1294 843 1328 ordine
860 1295 972 1328 fontes

122 1340 310 1382 Germanae,
328 1340 503 1383 tonsisque
519 1340 637 1372 ferunt
654 1340 821 1373 mantelia
837 1340 930 1373 villis
944 1353 952 1381 ;

121 1385 206 1419 Pars
223 1385 334 1429 epulis
351 1390 495 1419 onerant
511 1396 656 1428 mensas,
674 1389 709 1418 et
725 1385 828 1429 plena
844 1391 1018 1429 reponunt

121 1430 252 1464 Pocula
265 1443 274 1472 ;
299 1429 696 1464 Panchaeis‘adolescunt
712 1431 852 1474 ignibus
869 1443 936 1465 arae
951 1445 959 1473 3

121 1477 168 1510 Et
184 1483 303 1516 mater,
306 1479 372 1502 —“
385 1478 474 1520 Cape
491 1477 632 1511 Maeonii
649 1477 823 1510 carchesia
839 1477 988 1511 Bacchi:
1165 1477 1232 1512 380

123 1523 257 1556 Oceano
273 1523 440 1566 libemus,=
445 1524 560 1556 ’—ait.
610 1522 746 1556 Simul'
737 1534 813 1566 ipsa
829 1528 991 1566 precatur

123 1567 367 1612 Oceanumque
383 1572 518 1612 patrem
533 1579 658 1610 rerum,
675 1567 924 1611 Nymphasque
942 1579 1078 1611 sorores,

123 1613 272 1647 Centum
289 1625 365 1658 quae
383 1613 496 1656 silvas,
514 1618 655 1647 centum
672 1624 748 1656 quae
765 1613 910 1646 flumina
927 1618 1074 1648 servant.

122 1659 189 1692 Ter
204 1659 231 1692 11
233 1659 336 1703 quido
353 1660 532 1693 ardentem
548 1659 703 1703 perfudit
719 1664 858 1692 nectare
875 1659 1040 1700 Vestam;

124 1705 190 1738 Ter
205 1705 345 1739 flamma
361 1706 406 1739 ad
423 1717 596 1738 summum
613 1705 698 1738 tecti
715 1705 869 1749 subjecta
884 1705 1036 1739 reluxit:

127 1750 249 1785 Omine
265 1762 332 1796 quo
348 1751 489 1785 firmans
507 1751 672 1794 animum,
690 1751 737 1784 sic
753 1751 878 1794 incipit
894 1751 990 1795 ipsa:
