1320 1932
276 213 319 248 P.
339 213 613 249 VIRGILll
649 214 928 251 MARONIS

217 349 983 408 AENEIDOS

371 502 539 536 LIBER
571 503 825 537 DECIMUS.

498 625 625 634 mmm-wm-
627 625 690 634 mm

41 703 239 738 Pixmmun
257 705 389 739 interea
407 706 528 740 domus
545 707 793 751 omnipotentis
812 708 961 752 Olympi,

42 750 302 794 Conciliumque
320 756 420 785 vocat
437 752 558 785 divum
574 758 674 796 pater
690 758 795 796 atque
812 753 993 786 hominum
1010 764 1072 787 rex

40 795 215 829 Sideream
231 797 268 829 in
286 797 400 829 sedem
414 809 421 830 z
447 802 555 830 terras
572 798 666 831 unde
683 799 812 831 arduus
830 810 956 842 omnes,

40 840 228 885 Castraque
244 842 485 875 Dardanidum
503 847 669 887 aspectat,
687 844 902 888 populosque
920 845 1070 879 Latinos.

39 886 232 921 Considunt
248 888 350 921 tectis
367 887 613 932 bipatentibus.
662 889 793 931 Incipit
809 889 883 932 ipse
897 902 904 923 :

85 933 104 948 “
117 932 284 966 Ooelicolae
300 935 429 977 magni,
447 934 612 977 quianam
629 934 801 967 sententia
818 933 914 966 vobis

39 976 146 1010 Versa
162 981 264 1020 retro,
281 981 490 1021 tantumque
507 977 631 1011 animis
649 978 789 1011 certatis
805 978 935 1021 iniquis
949 977 962 1011 ’ἔ

38 1022 238 1056 Abnueram
254 1023 344 1056 bello
362 1023 502 1056 Italiam
520 1034 720 1056 concurrere
738 1023 886 1057 Teucris.

40 1068 124 1109 Quae
142 1072 262 1102 contra
278 1068 429 1102 vetitum
446 1068 642 1102 discordia?
668 1069 744 1112 quis
761 1074 876 1102 metus
893 1072 956 1102 aut
972 1068 1044 1112 hos,

38 1113 112 1146 Aut
128 1114 190 1147 hos
206 1125 303 1147 arma
319 1114 425 1158 sequi,
441 1115 641 1157 ferrumque
657 1115 821 1148 lacessere
838 1115 947 1148 suasit
961 1114 973 1148 2
1113 1116 1155 1147 10

38 1159 212 1192 Adveniet
224 1160 361 1203 justum
377 1171 514 1203 pugnae,
530 1171 574 1193 ne
591 1160 761 1203 arcessite,
779 1167 926 1204 tempus,

39 1204 156 1245 Quum
171 1205 246 1238 fera
263 1205 434 1248 Carthago
453 1205 616 1238 Romanis
633 1205 768 1239 arcibus
785 1206 867 1239 olim
987 1248 990 1249 ⁷

38 1250 199 1283 Exitium
214 1261 382 1294 magnum
399 1255 505 1294 atque
521 1250 626 1294 Alpes
642 1251 811 1284 immittet
827 1254 986 1295 apertas:

39 1295 128 1328 Tum
145 1300 277 1330 certare
294 1296 390 1338 odiis,
408 1300 485 1329 tum
501 1307 554 1329 res
570 1296 728 1340 rapuisse
744 1296 872 1330 licebit.

37 1341 71 1375 N
73 1353 141 1374 unc
158 1341 261 1375 sinite
275 1354 284 1383 3
309 1346 344 1375 et
360 1342 531 1385 placitum
546 1342 620 1375 laeti
637 1342 832 1385 componite
849 1339 992 1375 foedus.”

85 1387 227 1431 Jupiter
242 1387 317 1420 haec
333 1388 452 1431 paucis
468 1399 476 1428 3
501 1391 539 1420 at
554 1398 624 1421 non
643 1387 760 1420 Venus
776 1399 881 1421 aurea
897 1391 1018 1421 eontra

38 1432 156 1466 Pauca
172 1432 278 1465 refert
293 1444 299 1466 :

37 1477 57 1494 “
69 1478 96 1511 Ο
114 1477 228 1518 Pater,
245 1488 265 1510 0
281 1477 461 1510 hominum
479 1476 667 1519 divumque
684 1480 813 1508 aetema
830 1479 1038 1520 potestas,—

36 1522 196 1566 Namque
209 1522 305 1555 aliud
318 1521 403 1565 quid
417 1522 471 1564 sit,
484 1521 574 1565 quod
583 1522 659 1564 jam
671 1521 856 1565 implorare
869 1532 1034 1565 queamus
1048 1520 1109 1554 2—

39 1568 158 1601 Cernis
174 1572 215 1601 ut
231 1567 403 1600 insultent
422 1566 544 1600 Rutuli
559 1579 567 1607 ;
592 1567 798 1610 Turnusque
813 1567 948 1599 feratur
1110 1568 1154 1600 20

37 1613 104 1646 Per
120 1613 250 1646 medios
267 1613 414 1655 insignis
432 1612 537 1656 equiS‚
555 1612 779 1656 tumidusque
797 1612 946 1645 secundo

37 1658 152 1692 Marte
167 1663 249 1692 ruat
263 1658 274 1692 2
323 1659 402 1691 Non
419 1657 536 1690 clausa
554 1662 679 1701 tegunt
691 1659 766 1701 jam
782 1658 911 1690 moenia
927 1657 1083 1692 Teucros.

39 1704 131 1745 Quin
147 1704 241 1736 intra
258 1708 374 1748 portas
391 1707 495 1746 atque
511 1703 594 1747 ipsis
610 1703 733 1746 proelia
748 1703 896 1736 miscent

38 1749 234 1794 Aggeribus
249 1760 432 1782 maerorum
446 1761 455 1790 3
480 1753 515 1782 et
531 1749 707 1783 inundant
723 1749 893 1792 sanguine
910 1748 1018 1783 fossae.
