1320 1932
433 78 650 112 AENEIDOS
675 78 762 112 LIB.
789 78 850 112 XI.
1133 81 1198 113 337

84 149 160 191 Quo
177 149 311 192 sonipes
328 148 402 181 ictu
418 147 506 180 furit
522 146 661 189 arduus,
679 146 820 190 altaque
832 147 947 190 Jactat

82 195 246 229 Vulneris
263 194 448 238 impatiens
465 198 596 226 arrecto
613 196 751 235 pectore
769 203 877 225 crura.

82 241 245 274 Volvitur
261 239 320 273 ille
338 250 501 272 excussus
520 238 628 271 humi.
677 237 823 271 Catillus
842 237 962 280 Iollan,
1132 239 1200 271 640

81 286 337 338 Ingentemque
355 285 489 327 animis,
507 284 685 327 ingentem
702 294 840 327 corpore
858 287 893 316 et
910 284 1014 316 armis

79 332 144 375 Dej
148 332 209 365 icit
227 331 472 370 Herminium;
496 330 590 362 nudo
607 329 664 362 cui
681 330 808 362 vertice
825 329 924 362 fulva

81 377 252 419 Caesaries,
269 376 367 409 nudi
359 387 425 419 que
442 376 601 415 humeri;
625 386 689 407 nec
707 375 851 408 vulnera
869 378 1024 408 terrent·
1016 401 1024 416 ,

79 422 238 456 Tantus
228 434 266 455 1n
283 433 379 455 arma
395 425 502 465 patet.
551 421 654 453 Latos
671 420 754 453 huic
771 420 872 453 hasta
889 432 950 465 per
967 432 1080 454 armos

78 469 169 502 Acta
186 468 313 511 tremit,
332 467 559 511 duplicatque
576 466 690 499 virum
708 466 876 499 transfixa
894 467 1018 500 dolore.

78 514 255 547 Funditur
271 518 347 546 ater
363 513 492 556 ubique
509 523 608 545 cruor
622 524 629 545 :
655 512 740 545 dant
758 512 882 545 funera
898 513 988 546 ferro

79 560 258 593 Certantes
275 559 526 603 pulchramque
543 562 670 602 petunt
687 569 748 601 per
766 558 909 591 vulnera
925 568 1080 592 mortem.

125 606 173 639 At
189 605 320 638 medias
337 605 428 637 inter
446 604 554 637 caedes
571 603 726 636 exsultat
745 604 908 646 Amazon,

37 647 42 652 “
77 651 196 685 Unum
213 654 349 684 exserta
365 650 458 683 latus
475 660 610 694 pugnae,
628 649 830 693 pharetrata
848 649 1014 684 Camilla:

76 696 124 730 Et
141 708 234 730 nunc
251 696 347 729 lenta
362 707 471 728 manu
488 706 652 739 spargens
669 695 811 728 hastilia
829 695 959 738 denset,
1127 699 1194 730 650

76 742 180 776 Nunc
197 742 350 776 validam
366 741 490 774 dextra
506 741 598 784 rapit
615 740 786 774 indefessa
803 741 997 784 bipennem.

75 789 211 821 Aureus
228 799 271 821 ex
287 788 430 820 humero
448 791 546 820 sonat
563 797 662 819 arcus
679 790 714 819 et
731 797 827 819 arma
844 786 974 820 Dianae.

77 834 147 867 Illa
164 834 279 877 etiam,
298 833 326 866 si
342 833 480 876 quando
497 832 535 865 in
551 836 688 875 tergum
706 832 805 875 pulsa
821 833 971 875 recessit,

75 879 218 924 Spicula
234 890 395 912 converso
412 878 585 922 fugientia
602 878 722 921 dirigit
739 889 831 912 aren.

75 925 124 959 At
141 925 271 959 circum
287 924 386 958 lectae
404 924 555 967 comites,
573 924 768 967 Larinaque
785 924 893 967 virgo,

75 970 255 1015 Tullaque,
272 976 307 1004 et
325 974 466 1004 aeratam
483 970 642 1014 quatiens
660 969 806 1014 Tarpeia
823 981 985 1012 securem,

76 1016 220 1050 Italides
235 1029 244 1058 ;
269 1027 355 1060 quas
371 1016 447 1060 ipsa
464 1016 568 1049 decus
586 1015 650 1048 sibi
667 1015 726 1048 dja
743 1015 889 1050 Camilla

74 1062 224 1106 Delegit,
241 1063 404 1106 pacisque
420 1062 526 1095 bonas
542 1061 694 1105 bellique
709 1062 895 1096 ministras.

75 1108 203 1149 Quales
219 1108 386 1141 Threiciae
404 1119 512 1151 quum
529 1107 675 1140 flumina
691 1107 955 1141 Thermodontis

74 1153 232 1197 Pulsant,
249 1158 284 1186 et
300 1153 404 1197 pictis
419 1153 596 1186 bellantur
615 1155 802 1186 Amazones
819 1153 944 1187 armis:
1124 1156 1191 1188 660

74 1199 142 1233 Seu
159 1200 290 1232 circum
309 1196 535 1242 Hippolyten,
553 1210 612 1232 seu
631 1210 739 1242 quum
756 1210 791 1232 se
808 1198 939 1232 Martia
956 1210 1061 1234 curru

73 1245 296 1279 Penthesilea
311 1245 427 1287 refert,
444 1255 638 1288 magnoque
654 1244 814 1278 ululante
831 1245 990 1278 tumultu

73 1290 239 1324 Feminea
255 1290 434 1324 exsultant
450 1290 582 1324 lunatis
599 1290 739 1333 agmina
755 1290 867 1334 peltis.

74 1337 184 1378 Quem
201 1336 270 1370 telo
287 1337 448 1380 primum,
467 1347 569 1380 quem
585 1340 806 1380 postremum,
824 1347 945 1380 aspera
961 1337 1058 1380 virgo

29 1408 35 1414 .
71 1382 201 1426 Dejicis
215 1381 228 1416 ’ἔ
252 1386 315 1415 aut
332 1386 417 1425 quot
432 1382 532 1414 humi
547 1382 731 1415 morientia
748 1393 889 1426 corpora
905 1383 1024 1415 fundis
1038 1383 1050 1416 2

71 1427 244 1461 Eunaeum
261 1428 373 1471 Clytio
390 1428 542 1471 primum
559 1431 678 1471 patre:
705 1428 804 1471 cujus
821 1432 981 1472 apertum

70 1474 217 1507 Adversi
233 1473 338 1516 longa
354 1473 610 1507 transverberat
627 1472 739 1507 abiete
756 1478 887 1517 pectus.

70 1518 257 1563 Sanguinis
273 1519 333 1552 ille
349 1530 489 1552 vomens
505 1519 595 1552 rivos
613 1519 715 1563 cadit,
734 1523 838 1563 atque
856 1524 1036 1553 cmentam

69 1564 210 1598 Mandit
226 1565 383 1607 humum,
400 1565 617 1608 moriensque
634 1576 694 1598 suo
712 1576 747 1598 se
763 1565 801 1597 in
818 1565 961 1599 vulnere
978 1569 1100 1600 versat.

68 1609 158 1643 Tum
171 1610 278 1643 Lirim
280 1609 541 1654 ,Pagasumque
554 1622 672 1654 super:
691 1621 835 1654 quorum
851 1611 939 1644 alter
949 1611 1100 1645 habenas
1119 1612 1183 1647 670

70 1655 219 1689 Suffosso
235 1655 412 1690 revolutus
430 1667 517 1699 equo
534 1656 618 1688 dum
635 1656 778 1700 colligit,
795 1657 884 1690 alter

69 1700 163 1734 Dum
181 1701 286 1744 subit,
303 1713 343 1734 ac
361 1701 521 1735 dextram
538 1701 671 1734 labenti
687 1702 802 1735 tendit
819 1702 995 1741 inermem,

24 1780 25 1785 ,
71 1747 268 1791 Praecipites
285 1747 484 1792 pariterque
499 1751 619 1781 ruunt.
669 1747 734 1781 His
751 1748 850 1782 addit
867 1749 1069 1782 Amastrum

616 1807 636 1832 Z
