1345 1927
405 104 672 138 GEORGICON
696 104 783 138 LIB.
810 104 856 139 ΙΙ.
1145 108 1188 140 53

73 173 282 206 Procurvam
299 175 503 215 exspectant
518 171 645 204 falcem
661 175 857 215 rastrosque
873 175 1022 214 tenaces,

73 219 189 259 Quum
205 217 309 250 semel
326 217 502 250 haeserunt
519 217 610 250 arvis
626 228 797 260 aurasque
813 217 981 250 tulerunt.

72 264 153 308 Ipsa
169 263 252 296 satis
270 262 382 305 tellus,
400 274 509 306 quum
526 262 630 295 dente
646 262 840 295 recluditur
855 273 956 304 unco,

71 308 207 342 Sufficit
223 308 413 350 humorem,
431 312 466 341 et
481 307 652 351 gravidas,
670 319 751 341 cum
767 319 912 350 vomere,
929 308 1059 351 fruges.

72 354 148 388 Hoc
165 354 332 398 pinguem
348 357 383 387 et
399 353 566 397 placitam
583 353 667 386 Paci
683 353 836 386 nutritor
851 353 987 386 olivam.

117 399 224 433 Poma
240 410 385 443 quoque,
402 403 443 432 ut
459 399 612 442 primum
628 403 767 432 truncos
785 410 917 432 sensere
933 399 1087 433 valentes

70 445 118 479 Et
133 445 222 479 vires
238 444 390 478 habuere
407 455 494 487 suas,
511 444 555 477 ad
573 444 684 477 sidera
699 444 829 488 raptim

71 491 116 523 Vi
132 491 270 542 propria
285 490 458 532 nituntur,
476 490 617 534 opisque
633 490 729 523 haud
745 490 866 533 indiga
882 494 1018 524 nostrae.

69 536 143 569 Nec
158 537 275 569 minus
291 536 425 569 interea
440 516 517 568 fetu
533 547 655 568 nemus
672 547 772 568 omne
789 536 969 579 gravescit,

71 581 346 625 Sanguineisque
361 580 496 614 inculta
510 580 637 614 rubent
654 581 785 614 aviaria
801 581 936 623 baccis3
1119 583 1187 616 430

70 627 272 660 Tondentur
289 627 401 670 cytisi,
418 627 526 660 taedas
544 627 631 660 silva
647 626 721 660 alta
736 627 922 670 ministrat,

70 671 360 716 Pascmiturque
350 683 448 716 ignes
464 672 626 705 nocturni
644 676 680 706 et
695 673 830 706 lumina
845 673 1025 707 fundunt·

61 717 117 758 Et
133 718 298 751 dubitant
314 717 469 751 homines
487 729 595 751 serere
612 722 718 761 atque
734 718 932 762 impendere
949 730 1067 752 curam
1082 718 1095 752 3

21 765 55 793 f
71 763 163 805 Quid
179 765 311 807 majora
327 775 450 815 sequar
465 763 477 796 2
503 763 622 796 salices
639 763 855 807 humilesque
872 769 1033 807 genestae,

69 809 142 842 Aut
158 809 228 842 illae
245 809 359 852 pecori
375 808 533 841 frondem
549 812 612 841 aut
628 808 822 852 pastoribus
839 809 979 843 umbras

69 853 265 897 Sufficiunt,
283 865 466 898 sepemque
484 854 576 897 satis,
594 858 629 887 et
645 853 774 897 pabula
790 854 894 888 melli.

68 900 115 933 Et
126 901 231 944 juvat
247 900 442 933 undantem
457 899 550 933 buxo
568 904 722 944 spectare
740 900 915 944 Cytorum,

67 945 102 978 N
103 945 295 989 aryciaeque
311 945 397 989 picis
414 945 509 978 lucos
523 957 532 986 ;
551 946 656 989 juvat
673 957 755 978 arva
772 945 888 979 videre

67 991 147 1025 Non
162 991 292 1034 rastris,
309 991 489 1024 hominurn
505 1002 575 1024 non
590 991 656 1024 ulli
673 991 822 1024 obnoxia
839 1002 939 1025 curae.

69 1036 157 1081 Ipsae
175 1037 338 1070 Caucasio
356 1036 488 1070 steriles
504 1037 543 1069 in
559 1037 687 1070 vertice
705 1037 809 1080 silvae,
1117 1039 1185 1071 440

69 1082 162 1124 Quas
178 1083 323 1116 animosi
340 1082 414 1116 euri
431 1082 567 1116 assidue
583 1082 822 1126 frangimtque
839 1082 1035 1127 feruntque,

67 1127 163 1162 Dant
179 1128 264 1162 alios
280 1128 357 1161 aliae
374 1129 488 1161 fetus:
514 1128 600 1161 dant
616 1128 704 1161 utile
721 1128 858 1172 lignum

66 1173 101 1206 N
101 1185 224 1218 awgus
241 1174 349 1218 pinos,
366 1173 524 1207 domibus
541 1157 769 1218 cedrumqueo
766 1185 1019 1218 cupressosque.

68 1219 162 1253 Hinc
177 1220 291 1253 radios
307 1220 432 1253 trivere
447 1231 485 1252 ro
472 1220 541 1261 tis,
558 1220 641 1253 hinc
658 1224 826 1264 tympana
843 1220 1007 1264 plaustris

67 1265 248 1309 Agricolae,
265 1269 301 1299 et
317 1266 449 1309 pandas
465 1247 598 1298 ratibus
615 1277 758 1309 posuere
776 1266 930 1299 carinas:

68 1310 265 1344 Vimjnibus
283 1311 402 1344 salices
418 1311 586 1353 fecundae,
603 1311 783 1343 firondibus
799 1311 898 1354 ulmi,

66 1356 116 1389 At
130 1360 266 1400 myrtus
282 1356 407 1392 validis
423 1356 618 1396 hastilibus,
636 1360 671 1389 et
686 1356 777 1389 bona
793 1356 883 1389 bello

68 1401 220 1442 Cornus,
213 1414 220 1421 ·
246 1402 390 1435 Ituraeos
408 1402 483 1435 taxi
499 1405 707 1445 torquentur
722 1402 759 1434 in
776 1413 884 1436 arcus.

65 1447 100 1480 N
101 1459 139 1480 ec
155 1447 242 1481 tiliae
259 1447 351 1480 leves
368 1451 430 1480 aut
447 1452 545 1480 torno
562 1447 663 1480 rasile
679 1446 814 1480 buxum

66 1492 145 1526 Non
160 1493 308 1526 formam
323 1493 501 1536 accipiunt
516 1493 674 1537 ferroque
691 1497 861 1526 cavantur
877 1496 989 1528 acuto.
1115 1496 1183 1528 450

65 1538 99 1571 N
101 1550 138 1571 ec
154 1550 224 1572 non
240 1542 276 1572 et
292 1543 480 1571 torrentem
496 1538 628 1571 undam
643 1535 790 1571 levis*-
745 1542 883 1572 mnatat
900 1539 1011 1582 alnus,

65 1583 173 1617 Missa
190 1584 303 1625 Pad03
327 1595 392 1617 nec
409 1595 479 1617 non
496 1588 530 1617 et
547 1595 628 1628 apes
645 1584 806 1617 examina
823 1585 978 1618 condunt

67 1629 325 1673 Corticibusque
342 1629 435 1663 cavis
452 1629 652 1673 vitiosaeque
668 1630 757 1663 ilicis
775 1630 880 1663 alveo.

67 1675 158 1715 Quid
175 1675 437 1708 memorandum
454 1686 551 1720 aeque
567 1675 739 1708 Baccheia
757 1676 847 1709 dona
862 1676 1044 1711 tulerunt?

66 1720 223 1754 Bacchus
239 1725 275 1754 et
291 1721 336 1754 ad
353 1721 493 1766 culpam
510 1732 630 1755 causas
647 1721 744 1755 dedit
757 1734 766 1763 3
790 1721 849 1755 ille
866 1722 1021 1756 furentes
