1330 1932
399 92 617 126 AENEIDOS
641 92 729 126 LIB.
755 92 817 126 IV.
1102 94 1164 126 161
1195 104 1198 111 ·

56 157 171 192 Multa
187 159 211 192 J
215 170 312 192 ovem
329 161 488 193 manibus
507 161 653 204 supplex
671 171 783 193 orasse
800 159 934 204 supinis
948 171 955 193 z

54 203 74 220 “
85 202 227 245 Jupiter
244 205 469 248 omnipotens,
488 206 544 238 cui
560 217 654 238 nunc
672 205 856 240 Maurusia
872 205 974 250 pictis

56 248 145 281 Gens
163 249 304 292 epulata
322 250 403 283 toris
420 250 580 283 Lenaeum
601 249 688 282 libat
705 249 878 291 honorem,

54 293 190 337 Aspicis
207 294 281 328 haeo
295 295 307 328 2
333 307 377 328 au
395 300 439 338 te,
456 296 602 339 genitor,
621 306 729 337 quum
746 295 895 328 fulmina
912 298 1061 338 torques,

55 338 299 383 Nequidquam
317 341 493 374 horremus
508 341 520 374 ’.ἶ
546 341 695 384 caecique
712 340 749 372 in
767 340 916 373 nubibus
933 340 1032 384 ignes

55 383 257 418 Terrificant
273 386 415 428 animos,
434 391 469 419 et
485 387 605 419 inania
620 397 800 419 murmura
816 386 963 419 miscent
977 386 989 420 2
1103 387 1170 418 210

55 429 208 472 Femina,
226 443 303 474 quae
319 432 444 464 nostris
462 444 578 464 errans
594 432 631 464 in
648 431 775 464 finibus
793 431 914 464 umbem

54 475 230 519 Exiguam
246 477 356 520 pretio
374 478 499 521 posuit,
518 478 574 510 cui
590 478 676 510 litus
693 477 872 519 arandum,

55 520 186 564 Cuique
202 522 269 555 loci
287 522 379 565 leges
397 523 564 566 dedimus,
583 523 755 556 connubia
772 526 890 556 nostra

55 566 206 610 Repulit,
224 579 264 600 ac
281 568 460 601 dominum
476 569 613 601 AEnean
632 569 668 601 in
685 579 791 611 regna
808 568 947 612 recepit.

54 611 101 645 Et
117 624 210 646 nunc
226 613 285 646 ille
302 613 410 657 Paris,
428 626 508 647 cum
525 614 683 647 semiviro
701 614 879 655 comitatu,

53 656 203 691 Maeonia
218 663 376 692 mentum
393 660 498 693 mitra
516 660 714 702 crinemque
730 659 930 692 madentem

55 702 242 747 Subnixus,
258 709 358 748 rapto
375 706 508 748 potitur
522 717 528 738 :
554 717 615 738 nos
632 716 776 738 munera
794 704 932 748 templis

56 748 192 792 Quippe
209 750 278 783 tuis
295 750 447 793 ferimus,
465 751 664 794 famamque
681 751 836 783 fovemus
854 750 1019 784 inanem?

100 795 241 827 Talibus
258 800 414 829 orantem
431 796 543 839 dictis,
561 807 706 839 arasque
723 799 910 837 tenentem,

54 838 179 873 Audiit
195 841 421 884 omnipotenS‚
439 841 622 884 oculosque
639 841 682 874 ad
699 841 828 873 moenia
844 840 944 874 torsit
1105 842 1171 873 220

56 884 174 928 Regia,
192 889 227 918 et
243 886 365 919 oblitos
382 887 484 920 famae
500 886 651 919 melioris
668 890 832 919 amantes.

54 929 142 964 Tum
159 931 208 963 sic
225 931 439 972 Mercurium
455 932 654 975 alloquitur,
673 943 712 964 ac
730 931 815 964 talia
831 930 977 964 mandat
992 943 998 964 :

57 974 182 1011 “Vade
197 985 271 1015 age,
288 978 380 1015 nate,
397 987 482 1009 voca
499 977 684 1020 Zephyros.
703 982 737 1008 et
756 976 868 1008 labere
887 974 1010 1017 pennis
1025 985 1032 1013 3

54 1019 338 1062 Dardaniumque
356 1019 488 1061 ducem,
506 1019 611 1062 Tyria
628 1019 837 1061 Carthagine
855 1018 915 1061 qui
933 1029 1028 1051 nunc

55 1063 254 1108 Exspectat,
271 1065 423 1108 fatisque
441 1065 540 1098 datas
557 1076 626 1097 non
643 1064 783 1108 respicit
802 1063 913 1106 urbes,

55 1109 248 1153 Alloquere,
266 1114 301 1143 et
317 1110 443 1143 celeres
461 1110 555 1143 defer
571 1121 648 1143 mea
665 1110 759 1142 dicta
776 1121 837 1153 per
854 1120 964 1143 auras.

55 1154 133 1187 Non
150 1155 251 1188 illum
268 1155 364 1188 nobis
381 1157 541 1199 genetrix
558 1155 791 1200 pulcherrima
808 1155 915 1188 talem

55 1199 228 1244 Promisit,
247 1201 458 1245 Graiumque
475 1202 552 1235 ideo
570 1201 621 1234 bis
640 1201 796 1234 vindicat
812 1201 916 1234 armis
931 1212 940 1241 ;

55 1244 123 1278 Sed
138 1246 220 1289 fore,
237 1247 296 1290 qui
313 1247 493 1290 gravidam
510 1247 663 1290 imperiis
679 1246 838 1289 belloque
855 1247 1061 1279 frementem

57 1291 197 1324 Italiam
213 1296 357 1335 regeret,
374 1304 482 1335 genus
499 1293 570 1325 alto
587 1303 608 1325 a
625 1292 792 1335 sanguine
811 1291 934 1324 Teucri
1103 1292 1172 1324 230

57 1336 230 1380 Proderet,
248 1349 288 1370 ac
305 1341 419 1370 totum
437 1337 499 1370 sub
516 1338 607 1380 leges
623 1338 780 1370 mitteret
797 1337 922 1370 orbem.

55 1381 93 1415 Si
110 1382 207 1416 nulla
224 1383 382 1416 accendit
399 1387 578 1416 tantarum
594 1383 704 1426 gloria
720 1394 846 1425 rerum,

56 1427 90 1460 N
91 1439 129 1460 ec
145 1439 248 1472 super
263 1429 336 1472 ipse
354 1440 417 1462 sua
432 1429 575 1462 molitur
591 1428 695 1461 laude
711 1427 863 1461 laborem
876 1439 884 1462 ε

57 1473 249 1507 Ascanione
266 1478 366 1518 pater
383 1475 555 1507 Romanas
572 1474 706 1507 invidet
723 1485 816 1506 arces
830 1473 842 1507 ’,ἱ

59 1518 150 1559 Quid
167 1519 298 1553 struit?
323 1524 386 1553 aut
403 1532 472 1563 qua
489 1531 558 1564 spe,
576 1520 717 1552 inimica
733 1519 770 1552 in
787 1522 901 1562 gente,
917 1517 1100 1552 moratur?

57 1563 91 1597 N
92 1575 130 1598 ec
145 1565 277 1608 prolem
294 1565 485 1598 Ausoniam
502 1569 537 1598 et
554 1565 700 1598 Lavinia
715 1565 857 1608 respicit
875 1576 958 1597 arva
972 1563 984 1597 ‘3

57 1609 229 1654 Naviget:
254 1611 330 1644 haec
348 1623 482 1644 summa
499 1615 572 1651 est;
597 1611 655 1643 hic
672 1611 781 1644 nostri
798 1610 946 1643 nuncius
964 1612 1066 1643 esto?

103 1656 260 1691 Dixerat.
309 1657 375 1690 Ille
391 1657 500 1701 patris
517 1657 636 1700 magni
652 1668 772 1700 parere
788 1656 934 1700 parabat

59 1700 229 1746 Imperio:
254 1705 290 1736 et
305 1703 458 1746 primum
475 1702 621 1747 pedibus
640 1702 764 1735 talaria,
779 1702 891 1735 nectit

59 1746 184 1792 Aurea,
200 1759 276 1793 quae
293 1748 475 1783 sublimem
491 1748 565 1792 alis,
583 1748 654 1782 sive
671 1759 807 1792 aequora
823 1758 938 1792 supra,
1105 1747 1170 1779 240

602 1803 631 1828 M
