1320 1932
469 61 687 95 AENEIDOS
711 61 799 96 LIB.
825 61 885 96 IX.
1162 63 1230 97 275

112 129 316 173 Explorant,
332 132 522 173 pontesque
538 129 854 173 et-propugnacula
865 130 1025 172 jungunt
1041 142 1050 171 3
1161 131 1228 164 170

110 175 193 208 Tela
208 180 343 218 gerunt.
392 175 533 208 Instant
549 174 753 207 Mnestheus
770 186 916 218 acerque
933 176 1110 210 Serestus:

111 220 202 261 Quos
218 226 318 264 pater
333 221 470 260 AEneas‚
489 220 517 253 si
533 220 672 264 quando
689 220 833 253 adversa
849 225 1021 263 vocarent,

109 265 271 299 Rectores
283 267 455 309 juvenum
471 270 506 298 et
522 277 639 298 rerum
655 265 752 298 dedit
769 277 840 298 esse
856 266 1048 309 magistros.

109 310 228 344 Omnis
245 323 306 355 per
321 322 437 344 muros
453 311 543 354 legio
561 311 682 343 sortita
697 311 868 354 periclum

106 356 278 400 Excubat,
295 362 501 400 exercetque
517 356 619 398 vices,
636 356 728 399 quod
745 357 871 400 cuique
889 357 1061 391 tuendum
1077 361 1137 392 est.

151 402 257 435 Nisus
274 408 348 435 erat
363 409 472 446 portae
490 406 614 444 custos,
628 402 814 435 acerrimus
831 403 946 445 armis,

105 446 313 491 Hyrtacides
327 460 336 488 ;
361 448 522 480 comitem
538 447 656 480 AEneae
673 457 776 490 quem
792 448 933 480 miserat
951 448 1015 481 Ida

105 492 286 536 Venatrix,
298 493 416 537 jaculo
434 493 578 525 celerem
594 492 797 535 levibusque
815 494 952 536 sagittis
966 506 974 528 ε

103 538 150 571 Et
161 540 268 582 juxta
285 550 395 571 comes
412 539 596 582 Euryalus,
614 549 681 582 quo
697 538 874 582 pulchrior
890 539 981 572 alter

101 583 180 617 Non
197 584 267 617 fuit
283 584 488 627 AEneadum,
506 584 653 627 Trojana
668 595 780 627 neque
796 584 914 618 induit
930 596 1027 619 arma
1039 597 1049 627 3
1152 588 1218 620 180

103 629 172 662 Ora
187 641 273 673 puer
289 630 402 673 prima
419 630 557 672 signans
574 630 712 662 intonsa
723 631 880 672 juventa.

101 674 168 707 His
184 686 280 708 amor
295 687 386 707 unus
403 679 487 717 erat,
504 675 702 719 pariterque
718 675 756 707 in
771 674 862 708 bella
877 674 1026 710 ruebant
1039 689 1049 718 ;

101 719 190 753 Tum
208 731 342 764 quoque
360 721 535 753 communi
550 725 687 764 portam
704 720 852 753 statione
868 721 1043 756 tenebant.

98 765 204 799 Nisus
221 766 292 799 ait:
322 767 340 784 “
352 768 445 801 Dine
463 768 556 800 hunc
573 767 729 800 ardorem
746 765 922 798 mentibus
939 769 1086 811 addunt,

99 811 251 855 Euryale
267 811 278 844 2
303 822 349 844 an
366 822 428 844 sua
444 811 570 854 cuique
586 810 671 843 deus
687 810 728 842 fit
745 810 820 842 dira
837 811 963 854 cupido
980 811 992 844 2

97 856 171 889 Aut
188 867 352 901 pugnam,
370 861 432 889 aut
449 856 582 899 aliquid
593 855 803 899 jamdudum
819 856 984 889 invadere
999 868 1168 900 magnum

96 901 197 934 Mens
214 903 326 945 agitat
342 902 430 934 1111111
445 914 453 942 ;
477 912 541 934 nec
557 901 695 945 placida
712 906 875 934 contenta
893 902 1009 945 quiete
1025 910 1086 937 est.

97 947 223 990 Cernis,
242 958 319 991 quae
337 947 486 980 Rutulos
503 947 630 980 habeat
645 947 774 980 fiducia
789 958 912 980 rerum.

94 992 243 1026 Lumina
259 1004 337 1026 rara
352 994 484 1026 micant
498 1005 506 1033 ;
532 1004 649 1025 somno
666 992 814 1036 vinoque
831 993 960 1037 sepulti

94 1038 312 1072 Procubuere
327 1051 335 1079 ;
361 1039 464 1072 silent
480 1039 550 1071 late
567 1038 650 1072 loca.
699 1038 841 1082 Percipe
858 1050 958 1082 porro
1146 1043 1210 1074 190

95 1084 186 1125 Quid
203 1084 369 1127 dubitem,
387 1089 423 1117 et
439 1096 515 1128 quae
532 1095 626 1117 nunc
643 1085 758 1117 animo
776 1085 949 1118 sententia
966 1089 1094 1129 surgat.

92 1129 229 1163 AEnean
246 1130 350 1163 acciri
366 1142 492 1173 omnes,
510 1130 725 1174 populusque
742 1135 934 1174 patresque,

91 1175 304 1219 Exposcunt,
322 1176 485 1220 mittique
502 1176 601 1218 viros,
619 1176 680 1219 (1111
697 1181 790 1208 certa
805 1180 991 1219 reportent.

91 1221 128 1254 Si
145 1221 210 1254 tibi
227 1233 303 1265 quae
322 1233 421 1265 posco
438 1222 778 1265 promittunt—nam
794 1222 882 1254 mihi
898 1222 985 1255 facti

90 1266 200 1300 Fama
217 1272 270 1300 sat
287 1267 522 1300 est—tumulo
539 1267 657 1300 videor
672 1267 821 1310 reperire
838 1267 902 1299 sub
918 1267 978 1300 illo

89 1312 192 1345 Posse
209 1313 302 1346 viam
319 1313 364 1346 ad
380 1324 494 1346 muros
511 1316 545 1345 et
561 1313 689 1345 moenia
705 1312 918 1346 Pallantea.''

90 1358 281 1402 Obstupuit
297 1370 424 1402 magno
441 1359 585 1391 laudum
602 1369 783 1402 percussus
800 1369 915 1391 amore

87 1403 262 1447 Euryalus
277 1417 285 1444 ;
310 1404 414 1437 simul
431 1405 485 1437 his
502 1404 680 1437 ardentem
698 1403 826 1436 affatur
842 1404 1015 1439 amicum:

84 1448 220 1481 “Mene
237 1449 347 1492 igitur
364 1449 493 1482 socium
511 1449 654 1482 summis
671 1449 860 1492 adjungere
876 1449 988 1491 rebus,

27 1522 33 1527 .
85 1492 179 1536 Nise,
196 1494 290 1536 fugis
305 1493 316 1526 2
343 1493 453 1527 solum
470 1498 505 1526 te
520 1493 558 1525 in
575 1497 676 1526 tanta
692 1493 846 1536 pericula
862 1493 1028 1527 mittam?
1137 1497 1205 1529 200

85 1538 165 1572 Non
181 1539 232 1572 ita
247 1550 304 1572 me
320 1540 456 1582 genitor
472 1539 572 1572 bellis
589 1545 745 1572 assuetus
764 1538 928 1582 Opheltes

84 1584 288 1627 Argolicum
304 1590 469 1618 terrorem
486 1585 578 1618 inter
595 1585 723 1628 Trojaeq
730 1595 772 1617 ue
790 1584 922 1617 labores

84 1629 269 1663 Sublatum
286 1631 415 1663 erudiit
432 1643 440 1671 ;
464 1642 528 1664 nec
545 1635 661 1664 tecum
677 1629 764 1663 talia
779 1630 880 1673 gessi,

83 1675 351 1719 Magnanimum
370 1677 503 1709 AEnean
521 1681 556 1709 et
571 1677 646 1709 fata
662 1681 818 1709 extrema
835 1678 983 1711 secutus,

81 1721 146 1754 Est
162 1721 229 1764 hic,
247 1727 299 1755 est
315 1723 453 1755 animus
470 1722 557 1755 lucis
575 1726 775 1763 contemtor,
793 1725 828 1755 et
844 1721 951 1755 istum
