1330 1932
395 28 612 63 AENEIDOS
641 29 730 63 LIB.
757 30 820 64 IV.
1101 32 1166 65 173

53 92 109 127 Sic
125 93 243 127 veniat
257 105 266 134 ;
291 96 401 138 tuque
417 95 493 138 ipsa
509 95 568 138 pia
584 98 662 139 tege
679 98 835 139 tempora
851 95 951 130 vitta.
963 102 971 107 ’

52 138 156 172 Sacra
172 139 196 172 J
199 139 255 173 ovi
271 139 401 183 Stygio,
419 151 496 184 quae
513 140 579 173 rite
596 141 736 184 incepta
752 141 883 185 paravi,

52 183 219 217 Perficere
236 189 288 218 est
305 186 450 228 animus,
467 185 640 229 finemque
657 186 832 230 imponere
849 186 940 219 curis
955 199 962 226 ;

51 229 289 273 Dardaniique
307 242 429 274 rogum
446 231 569 275 capitis
587 232 786 275 permittere
802 229 979 266 flammae.”
1100 234 1166 266 640

52 275 108 309 Sic
125 276 184 309 ait.
227 276 296 309 Illa
313 277 460 319 gradum
479 277 592 310 studio
611 277 783 310 celerabat
801 278 896 310 anili.

50 321 99 354 At
116 321 251 365 trepida
269 327 303 355 et
321 323 442 366 coeptis
459 322 669 360 immanibus
687 323 790 356 effera
806 323 907 365 Dido,

51 366 284 410 Sanguineam
301 367 441 400 volvens
458 368 576 410 aciem,
594 369 808 412 maculisque
825 372 1012 402 trementes

51 412 227 445 Interfusa
243 424 359 456 genas,
377 417 411 446 et
428 413 559 457 pallida
575 418 684 447 morte
701 414 832 457 futura,

51 457 222 491 Interiora
239 459 360 491 domus
374 459 537 503 irrumpit
553 459 685 502 limina,
703 463 738 492 et
755 460 842 493 altos

51 503 256 537 Conscendit
272 504 463 537 furibunda
478 516 586 548 rogos,
604 516 788 548 ensemque
805 506 955 539 recludit

50 548 276 593 Dardanium,
293 561 362 583 non
379 550 442 583 hos
460 550 644 594 quaesitum
659 562 788 583 munus
805 551 842 584 in
858 563 951 586 usus.

51 594 120 628 Hic
136 599 319 639 postquam
337 596 460 628 Iliacas
478 600 588 628 vestes
605 600 794 640 notumque
813 596 926 631 cubile

51 640 246 683 Conspexit,
264 641 409 684 paulum
426 641 576 674 lacrimis
595 646 628 675 et
645 646 760 675 mente
777 646 920 687 morata,

0 698 1 703 ¹
52 685 286 729 Incubuitque
303 690 386 729 toro,
405 687 565 730 dixitque
581 687 766 721 novissima
783 687 904 722 verba:
1037 715 1043 719 .
1100 691 1166 722 650

56 730 74 747 “
86 730 213 763 Dulces
231 732 376 772 exuviae,
395 732 478 764 dum
495 734 570 764 fata
588 732 738 775 deusque
756 733 926 774 sinebant,

51 776 210 820 Accipite
225 776 316 809 hanc
333 777 495 820 animam,
511 788 635 820 meque
651 778 706 810 his
723 778 891 811 exsolvite
903 778 1009 812 curis.

51 820 143 864 Vixi,
161 825 204 864 et,
223 833 326 865 quem
343 822 485 856 dederat
502 834 640 855 cursum
657 823 807 865 fortuna,
826 824 963 868 peregi;

49 865 96 899 Et
112 878 206 900 nunc
222 879 351 910 magna
367 868 435 900 mei
453 868 516 901 sub
534 872 642 901 terras
659 868 724 902 ibit
740 869 864 913 imago.

50 911 177 946 Urbem
193 913 395 957 praeclaram
413 914 521 946 statui
537 926 545 954 ;
569 925 646 947 mea
661 914 789 947 moenia
806 915 878 948 vidi
890 927 899 957 ;

49 957 133 992 Ulta
149 959 272 1001 virum,
290 970 408 1003 poenas
425 959 565 992 inimico
582 971 603 992 a
618 960 726 993 fratre
742 961 877 1004 recepi:

49 1003 159 1043 Felix,
176 1005 244 1038 heu
260 1005 409 1037 nimium
424 1005 520 1048 felix,
539 1005 567 1038 si
583 1005 686 1039 litora
703 1009 842 1039 tantum

44 1048 232 1091 Nunquam
249 1048 432 1081 Dardaniae
450 1049 646 1091 tetigissent
662 1054 779 1082 nostra
797 1047 921 1081 carinae
936 1047 966 1082 !’'

44 1093 168 1126 Dixit:
194 1097 229 1126 et
245 1105 281 1126 os
298 1094 463 1137 impressa
479 1098 564 1135 toro,
583 1096 599 1111 '⁴‘
618 1095 804 1127 Moriemur
821 1093 945 1126 inultae
963 1095 969 1127 ἕ

47 1138 112 1171 Sed
128 1139 316 1172 moriamur
327 1139 358 1173 !²’
381 1140 440 1172 ait.
489 1139 507 1156 “
518 1139 584 1181 Sic,
596 1140 644 1172 sic
657 1141 758 1182 juvat
776 1140 825 1172 ire
843 1139 906 1171 sub
922 1137 1071 1170 umbras.
1091 1138 1158 1170 660

52 1184 200 1217 Hauriat
217 1184 310 1217 hunc
327 1185 435 1217 oculis
452 1185 569 1228 ignem
586 1185 734 1218 crudelis
751 1185 795 1217 ab
812 1184 883 1217 alto

51 1229 246 1271 Dardanus,
263 1234 298 1262 et
313 1234 438 1262 nostrae
456 1241 571 1263 secum
586 1230 676 1263 ferat
693 1230 810 1263 omina
825 1228 979 1261 mortis.”

96 1276 243 1308 Dixerat
257 1287 263 1308 ι
289 1279 393 1318 atque
410 1274 507 1307 illam
524 1274 638 1307 media
655 1274 746 1306 inter
762 1273 848 1306 talia
863 1273 953 1306 ferro

50 1321 244 1366 Collapsam
261 1321 436 1365 aspiciunt
453 1320 603 1361 comites,
621 1330 806 1362 ensemque
823 1329 942 1351 cruore

50 1367 288 1411 Spumantem,
305 1377 507 1410 sparsasque
523 1377 656 1399 manus.
698 1365 732 1398 It
749 1364 877 1397 clamor
893 1364 938 1397 ad
954 1363 1027 1398 alta

49 1413 169 1454 Atria;
194 1421 395 1446 concussam
411 1412 600 1445 bacchatur
616 1411 710 1444 fama
726 1422 787 1454 per
803 1410 933 1444 urbem.

50 1459 236 1501 Lamentis,
254 1458 462 1502 gemituque,
480 1461 516 1491 et
531 1457 680 1490 femineo
695 1456 836 1489 ululatu

51 1505 156 1539 Tecta
172 1506 326 1538 fremunt
341 1517 349 1545 ;
373 1507 510 1537 resonat
526 1503 662 1546 magnis
678 1501 902 1546 plangoribus
921 1500 1048 1535 aether:

50 1551 129 1584 Non
146 1552 248 1584 aliter
264 1562 368 1594 quam
385 1550 413 1583 si
430 1549 591 1582 immissis
607 1553 688 1582 ruat
705 1546 860 1581 hostibus
877 1547 987 1580 omnis

51 1597 234 1640 Carthago,
252 1601 314 1630 aut
331 1596 476 1640 antiqua
493 1596 598 1639 Tyros
613 1607 621 1635 3
645 1595 862 1637 flammaeque
878 1593 1033 1625 furentes
1097 1591 1165 1626 670

52 1644 212 1677 Culmina
228 1654 358 1687 perque
375 1641 556 1675 hominum
572 1641 758 1674 volvantur
774 1650 904 1684 perque
921 1638 1073 1672 deorum.

51 1689 175 1724 Audiit
192 1689 371 1732 exanimis,
388 1687 592 1732 trepidoque
608 1686 775 1721 exterrita
792 1696 906 1726 cursu,
