1320 1932
436 73 655 108 AENEIDOS
680 74 768 109 LIB.
792 74 834 110 X.
1120 79 1183 112 311

75 138 118 172 In
134 138 259 172 faciem
275 139 402 183 AEneae,
419 140 497 174 visu
512 140 669 174 mirabile
685 144 889 184 monstrum,

74 183 259 217 Dardaniis
276 189 376 218 ornat
392 185 470 219 telis
485 198 493 226 ;
516 186 737 230 clipeumque
750 186 923 231 jubasque

73 228 194 263 Divini
210 230 391 264 assimulat
407 231 531 274 capitis
545 244 553 272 ;
578 231 639 265 dat
655 232 774 265 inania
791 231 896 265 verba
910 245 918 273 ;

73 274 145 308 Dat
161 275 234 308 sine
250 280 366 309 mente
383 287 514 319 sonum,
530 288 733 320 gressusque
750 277 885 320 effingit
902 277 1017 311 euntis
1031 289 1039 312 2
1120 281 1186 312 640

73 319 187 353 Morte
204 320 298 354 obita
315 321 433 364 quales
449 322 543 355 fama
559 326 611 355 est
628 322 772 355 volitare
788 322 928 366 figuras,

73 365 146 399 Aut
164 376 240 409 quae
258 367 384 410 sopitos
401 367 572 400 deludunt
589 368 720 400 somnia
737 379 864 402 sensus.

72 410 121 443 At
137 411 265 454 primas
281 411 361 445 laeta
378 416 459 445 ante
476 412 565 445 acies
582 412 736 446 exsultat
752 413 876 456 imago,

74 454 262 500 Irritatque
279 457 392 490 virum
409 457 497 499 telis,
515 461 550 491 et
566 469 648 491 voce
664 458 811 492 lacessit.

73 501 188 535 Instat
205 502 260 534 cui
278 502 424 545 Turnus,
442 503 712 546 stridentemque
729 504 864 537 eminus
880 503 1017 538 hastam

73 546 220 589 Conjicit
234 559 242 587 ;
266 547 328 581 illa
345 548 426 581 dato
442 548 548 582 veitit
564 549 711 591 vestigia
727 552 832 591 tergo.

72 591 161 624 Tum
177 604 257 625 vero
273 593 410 626 AEnean
427 605 585 627 aversum
600 598 642 626 ut
659 594 778 627 cedere
795 595 931 627 Turnus

73 637 236 679 Credidit,
253 642 358 682 atque
375 639 490 671 animo
508 650 602 682 spem
619 639 779 672 turbidus
798 639 915 673 hausit
931 640 1070 673 inanem
1085 652 1092 674 :

74 681 94 699 ‘⁶
106 681 180 722 Quo
198 682 306 724 fugis,
326 683 438 716 AEnea
452 684 463 716 2
493 684 665 717 thalamos
681 696 725 718 ne
742 686 856 719 desere
873 691 990 729 pactos
1005 698 1011 719 :

81 726 158 760 Hac
176 726 314 760 dabitur
335 727 458 761 dextra
475 729 579 762 tellus
596 731 742 771 quaesita
757 742 819 774 per
835 731 979 764 undaS.”
1121 738 1189 769 650

73 771 171 806 Talia
187 773 377 807 vociferans
395 773 559 817 sequitur,
578 774 806 817 strictumque
823 778 982 807 coruscat

72 817 276 851 Mucronem
291 831 299 859 ;
323 830 386 851 nec
403 819 491 852 ferre
508 819 604 852 videt
621 830 683 852 sua
699 819 827 861 gaudia
844 823 973 854 ventos.

73 862 176 896 Forte
191 864 276 897 ratis
293 863 375 897 celsi
392 865 578 907 conjuncta
595 864 770 907 crepidine
788 864 864 897 saxi

72 907 249 952 Expositis
267 909 381 942 stabat
398 909 507 952 scalis,
526 913 561 942 et
577 913 682 953 ponte
699 913 840 953 parat03

73 953 150 994 Qua
165 965 227 987 rex
245 954 393 987 Clusinis
410 955 575 988 advectus
594 954 732 988 Osinius
749 955 825 989 oris.

73 998 154 1032 Huc
172 1011 242 1033 sese
259 1000 394 1043 trepida
411 1000 530 1033 AEneae
546 1000 714 1043 fugientis
732 1000 846 1044 imago

73 1044 222 1088 Conjicit
237 1045 274 1077 in
290 1044 459 1086 latebras3
483 1056 547 1078 nec
564 1045 700 1078 Turnus
717 1047 852 1089 segnior
868 1045 978 1080 instat
991 1059 1001 1088 ;

71 1089 336 1134 Exsuperatque
351 1102 473 1133 moras,
490 1094 525 1124 et
542 1094 663 1134 pontes
679 1091 832 1124 transilit
848 1091 944 1125 altos.

73 1134 143 1168 Vix
160 1147 296 1178 proram
313 1136 494 1178 attigerat:
519 1137 651 1180 rumpit
668 1136 831 1170 Saturnia
847 1137 978 1180 funem,

71 1180 308 1224 Avulsamque
323 1182 416 1224 rapit
432 1181 589 1214 revoluta
606 1193 666 1224 per
682 1193 819 1225 aequora
834 1193 968 1216 navem.
1118 1185 1185 1217 660

73 1225 182 1258 Illum
198 1231 317 1259 autem
334 1226 459 1259 AEneas
476 1226 653 1259 absentem
669 1227 705 1259 in
722 1227 843 1270 proelia
859 1227 969 1270 poscit
982 1240 992 1269 3

74 1271 184 1304 Obvia
198 1271 312 1304 multa
328 1271 442 1304 virum
459 1272 612 1304 demittit
629 1283 769 1315 corpora
785 1273 897 1305 morti.

72 1316 162 1349 Tum
177 1316 262 1349 levis
279 1317 373 1350 haud
389 1316 483 1350 ultra
499 1317 648 1350 latebras
660 1319 735 1361 jam
753 1317 876 1360 quaerit
892 1318 1016 1362 imago,

72 1360 139 1394 Sed
157 1362 302 1395 sublime
319 1362 437 1395 volans
453 1362 539 1395 nubi
556 1373 590 1395 se
606 1363 795 1395 immiscuit
811 1367 894 1396 atrae
909 1375 916 1396 :

74 1407 188 1447 Quum
205 1407 361 1440 Turnum
376 1407 488 1440 medio
505 1408 638 1441 interea
653 1408 722 1441 fert
738 1419 874 1450 aequore
890 1407 1001 1442 tusrbo.

74 1452 228 1496 Respicit
244 1453 386 1496 ignarus
402 1464 526 1495 rerum,
544 1453 769 1496 ingratusque
787 1453 918 1494 salutis,

72 1497 119 1531 Et
136 1498 290 1541 duplices
308 1509 388 1531 cum
406 1510 487 1531 voce
503 1510 627 1531 manus
643 1499 688 1532 ad
706 1499 818 1531 sidera
834 1499 948 1531 tendit
962 1510 970 1532 :

76 1544 94 1561 “
109 1543 338 1587 Omnipotens
356 1545 502 1587 genitor,
521 1544 654 1577 tanton'
672 1556 727 1577 me
744 1545 887 1577 crimine
905 1545 1052 1587 dignum

73 1587 226 1630 Duxisti,
243 1591 278 1620 et
295 1588 381 1621 tales
397 1588 539 1621 voluisti
556 1588 748 1631 expendere
764 1600 883 1632 poenas
897 1588 909 1622 2

75 1633 150 1673 Quo
162 1632 274 1666 feror?
291 1633 384 1666 unde
397 1632 490 1666 abii?
507 1644 582 1676 quae
595 1644 650 1666 me
666 1634 760 1676 fuga,
775 1645 920 1678 quemve
935 1634 1101 1670 reducet?
1118 1636 1186 1672 670

75 1678 301 1711 Laurentisne
318 1678 444 1711 iterum
460 1690 576 1711 muros
593 1682 655 1711 aut
672 1683 784 1712 castra
801 1679 949 1713 videbo?

76 1724 168 1765 Quid
183 1735 307 1758 manus
325 1724 386 1757 illa
403 1724 525 1767 virum,
543 1724 603 1768 qui
619 1736 674 1758 me
689 1736 834 1769 meaque
851 1736 947 1759 arma
963 1725 1099 1761 secuti?
