1345 1927
107 50 173 82 174
459 48 678 82 AENEIDOS
703 48 790 82 LIB.
818 47 877 81 IV.

106 113 291 157 Unguibus
308 123 366 148 ora
383 125 475 147 soror
492 114 624 147 foedans
642 118 676 148 et
694 119 834 158 pectora,
852 113 990 157 pugnis,

106 158 172 192 Per
189 159 318 192 medios
335 160 417 202 ruit,
435 171 474 193 ac
491 161 696 193 morientem
713 160 852 193 nomine
870 159 998 192 clamat
1013 170 1020 193 z

108 205 127 221 ‘⁶
140 204 216 237 Hoc
233 204 331 247 illud,
349 216 523 248 germana,
545 205 613 238 fuit
630 205 642 238 3
668 216 722 238 me
739 204 862 238 fraude
880 202 1046 247 petebas?

109 248 185 282 Hoc
203 261 305 292 rogus
323 251 388 282 iste
405 249 501 291 mihi,
520 249 584 282 hoc
601 250 697 292 ignes
715 260 850 292 araeque
869 247 1066 292 parabant?

110 294 201 335 Quid
220 295 370 338 primum
388 295 523 328 deserta
540 306 664 338 querar
681 295 690 327 ’.ἱ
716 295 923 328 comitemne
940 305 1091 328 sororem

109 339 278 383 Sprevisti
295 341 442 374 moriens
457 340 468 374 3
518 340 648 373 Eadem
665 351 719 373 me
736 340 780 374 ad
800 340 874 373 fata,
890 351 1046 373 vocasses
1060 351 1068 374 :

111 385 209 418 Idem
226 385 342 419 ambas
359 386 448 419 ferro
466 386 570 427 dolor,
588 391 692 429 atque
709 386 829 419 eadem
846 385 932 418 hora
949 385 1099 420 tulisset.

111 430 176 464 His
194 432 300 465 etiam
317 431 429 464 struxi
446 431 615 474 manibus,
634 432 830 475 patriosque
848 431 969 465 vocavi
1086 470 1088 473 v
1160 433 1229 466 680

111 476 203 510 Voce
220 477 309 519 deos,
328 477 376 509 sic
393 481 428 510 te
445 482 485 510 ut
502 477 614 520 posita
631 477 780 510 erudelis
797 477 976 511 abessem?

111 521 293 555 Exstinxti
310 533 365 555 me
383 526 495 565 teque,
514 533 614 564 soror,
632 522 879 566 populumque,
897 527 1081 567 patresque

111 567 278 610 Sidonios,
296 567 485 611 urbemque
502 571 610 600 tuam.
657 568 757 610 Date,
775 568 920 601 vulnera
936 568 1089 613 lymphis

112 613 273 655 Abluam,
291 617 335 654 et,
353 618 529 646 extremus
547 612 575 645 si
592 613 668 656 quis
686 624 788 657 super
804 612 936 647 halitus
953 618 1056 658 errat,

113 658 179 691 Ore
196 658 343 701 legam.''
391 658 447 693 Sic
463 659 538 692 fata
553 658 681 702 gradus
698 664 855 693 evaserat
871 659 970 701 altos,

111 702 425 745 Semianimemque
442 701 521 734 sinu
536 712 739 745 germanam
755 701 917 746 amplexa
932 703 1072 738 fovebat

113 748 200 781 Cum
217 748 362 791 gemitu,
380 751 486 790 atque
503 751 595 780 atros
612 747 765 781 siccabat
782 752 876 781 veste
893 759 1039 784 cruores.

113 793 190 835 Illa,
208 804 328 836 graves
346 793 461 826 oculos
478 797 603 826 conata
619 792 788 836 attollere,
806 805 924 827 rursus

113 839 240 872 Deficit
254 851 262 880 ;
287 839 436 871 infixum
453 838 569 871 stridit
587 838 649 871 sub
667 843 803 882 pectore
821 839 955 882 vulnus.

114 884 179 917 Ter
195 896 266 918 sese
283 884 446 917 attollens
463 883 649 928 cubitoque
666 885 797 918 annixa
814 884 944 919 levavit
958 897 964 920 :
1165 888 1234 921 690

114 930 180 963 Ter
195 930 353 963 revoluta
369 934 443 963 toro
460 934 522 972 est,
539 929 715 973 oculisque
733 930 929 964 errantibus
945 931 1017 966 alto

116 976 284 1017 Quaesivit
301 975 385 1009 coelo
403 975 526 1018 lucem,
542 975 782 1020 ingemuitque
798 981 943 1020 reperta..

162 1022 251 1054 Tum
268 1021 364 1055 Juno
382 1021 609 1065 omnipotens,
626 1021 769 1064 longum
786 1022 950 1057 miserata.
965 1022 1118 1058 dolorem

117 1067 350 1111 Difficilesque
367 1066 491 1109 obitus,
510 1067 595 1100 Irim
612 1067 750 1100 demisit
768 1067 925 1112 Olympo,

117 1113 201 1154 Quae
219 1113 412 1146 luctantem
429 1113 581 1146 animam
597 1124 772 1157 nexosque
788 1113 973 1148 resolveret
989 1118 1095 1149 artus.

119 1159 217 1200 Nam,
237 1159 319 1202 quia
335 1169 399 1191 nec
416 1158 488 1191 fato
505 1158 630 1191 merita
645 1170 708 1192 nec
724 1163 834 1192 morte
850 1159 995 1204 peribat,

117 1204 184 1238 Sed
201 1204 325 1237 misera
343 1207 424 1236 ante
441 1203 542 1245 diem,
561 1203 742 1248 subitoque
760 1215 904 1238 accensa
919 1205 1044 1247 furore,

119 1250 151 1284 N
153 1250 283 1283 ondu'm
299 1249 352 1282 illi
368 1249 499 1283 flavum
517 1249 721 1294 Proserpina
738 1250 866 1284 vertice
883 1251 1014 1285 crinem

120 1295 331 1338 Abstulerat,
349 1294 538 1339 Stygioque
555 1300 661 1339 caput
678 1295 904 1330 damnaverat
921 1297 1017 1332 Orco.

122 1342 210 1384 Ergo
229 1341 294 1374 Iris
311 1341 436 1374 croceis
454 1352 515 1385 per
531 1341 656 1374 coelum
673 1342 806 1376 roscida
822 1342 955 1387 pennis,
1169 1344 1236 1378 ’700

121 1387 220 1420 Mille
236 1387 377 1420 trahens
394 1387 505 1420 varios
522 1387 663 1421 adverso
680 1388 749 1422 sole
766 1388 903 1431 colores,

123 1432 278 1474 Devolat,
296 1436 331 1466 et
349 1443 453 1476 supra
469 1436 576 1476 caput
593 1433 731 1466 adstitit
745 1445 752 1467 ;
778 1433 796 1450 “
812 1435 996 1478 Ηιωοεὲο
1013 1434 1088 1469 Diti

122 1478 267 1511 Sacrum
279 1479 375 1522 jussa
391 1478 472 1520 fero,
490 1484 593 1522 teque
611 1479 677 1512 isto
695 1490 834 1523 corpore
851 1480 977 1514 solvo.’'

122 1523 178 1557 Sic
195 1523 255 1566 ait,
273 1527 309 1556 et
325 1523 450 1557 dextra
466 1524 597 1557 crinem
614 1527 716 1558 secat.
766 1523 885 1558 Omnis
902 1531 937 1557 et
954 1536 1025 1558 una

121 1569 286 1614 Dilapsus
303 1569 405 1613 calor,
422 1572 528 1613 atque
545 1569 582 1602 in
599 1574 719 1603 ventos
737 1570 810 1604 vita
825 1570 974 1605 recessit.
