1345 1927
130 54 174 86 82
440 51 478 84 P.
498 50 707 84 VIRGILlI
728 48 945 83 MARONIS

179 130 263 171 Quis
281 129 365 163 deus
382 129 482 172 hanc,
502 129 625 174 Musae,
647 130 707 175 qui
724 129 822 163 nobis
840 127 981 162 extudit
997 129 1107 160 artem
1121 124 1135 159 ’.Ι

132 176 234 210 Unde
251 187 341 209 nova
359 175 534 219 ingressus
551 176 733 210 hominum
751 174 968 219 experientia
984 173 1077 217 cepit
1091 171 1104 205 2

133 221 256 255 Pastor
273 222 439 255 Aristaeus
456 222 595 266 fugiens
614 223 744 256 Peneia
760 221 896 265 Tempe,

133 267 287 309 Amissis,
305 272 346 301 ut
362 267 465 310 fama,
483 268 606 311 apibus
622 269 808 311 morboque
825 267 996 310 fameque,

133 313 254 347 'Pristis
271 313 316 347 ad
334 314 481 347 extremi
500 325 635 348 sacrum
653 319 759 359 caput
777 313 915 347 adstitit
931 310 1054 353 amnis,

138 359 258 393 Multa
275 371 430 403 querens,
448 364 554 404 atque
571 360 636 395 hac
653 361 779 396 affatus
796 370 879 393 voce
897 361 1076 403 parentem
1090 367 1096 390 :
1187 356 1255 389 320

139 406 157 422 ‘⁴
170 406 298 448 Mater,
317 406 449 450 Cyrene
465 411 585 449 mater,
605 418 680 450 quae
698 406 847 451 gurgitis
864 404 968 449 hujus

140 451 219 484 Ima
236 456 342 494 tenes,
360 452 443 495 quid
459 464 514 485 me
533 453 695 496 praeclara
713 453 819 496 stirpe
837 451 979 484 deorum

139 497 177 531 Si
192 497 304 538 modo,
322 509 425 541 quem
442 498 610 541 perhibes,
627 504 726 544 pater
743 503 795 532 est
811 497 1037 541 Thymbraeus
1055 494 1188 540 Apollo,

142 543 304 576 Invisum
321 544 403 576 fat-is
420 545 573 586 genuisti
587 545 599 578 ’ἐ
627 549 690 579 aut
705 556 773 589 quo
791 544 855 577 tibi
872 543 980 576 nostri

141 588 267 621 Pulsus
284 589 404 622 amor?
431 590 514 633 quid
531 602 586 624 me
604 591 729 626 coelum
747 601 881 634 sperare
893 588 1065 632 jubebas?

140 634 196 667 En
213 635 318 668 etiam
335 635 429 668 hune
446 637 562 679 ipsum
578 638 660 671 vitae
676 636 832 670 mortalis
848 635 1022 678 honorem,

143 680 253 721 Quem
269 680 357 713 mihi
375 682 434 714 vix
452 682 595 726 frugum
609 688 648 717 et
664 683 838 727 pecudum
856 682 1013 715 custodia
1029 680 1135 714 solers

143 726 269 760 Omnia
285 728 438 761 tentanti
455 729 650 771 extuderat‚
667 734 702 763 te
717 734 838 770 matre,
854 728 1021 771 relinquo.

144 772 237 814 Quin
254 784 327 816 age,
345 777 380 806 et
396 774 470 818 ipsa
487 787 593 809 manu
611 776 727 809 felices
743 786 824 808 erue
841 774 967 815 silvas;

144 818 211 852 Fer
228 818 373 852 stabulis
389 820 571 854 inimicum
588 822 716 865 ignem,
730 826 835 864 atque
852 820 1007 853 interfice
1023 830 1148 852 messes
1163 831 1172 860 ;
1197 819 1264 852 330

144 864 214 897 Ure
233 869 317 908 sata,
336 869 371 898 et
388 866 540 900 validam
557 868 595 901 in
612 869 700 901 vites
717 867 840 900 molire
857 865 1064 910 bipennem:

145 910 260 943 Tanta
275 923 362 944 meae
379 912 409 945 si
427 917 461 946 te
479 918 647 958 ceperunt
663 913 768 947 taedia
784 912 932 946 laudis.’'

145 958 192 989 At
209 962 321 991 mater
338 958 494 992 sonitum
511 960 666 993 thalamo
685 959 748 992 sub
764 958 920 991 fluminis
939 957 1004 992 alti

146 1002 271 1036 Sensit.
321 1004 409 1036 Eam
427 1005 556 1039 circum
576 1005 715 1039 Milesia
732 1004 860 1039 vellera
877 1003 1050 1049 Nymphae

147 1048 352 1092 Carpebant,
371 1050 467 1093 hyali
485 1056 600 1085 saturo
618 1053 737 1085 fucata
754 1050 873 1092 colore,
885 1090 892 1096 ·

147 1094 357 1139 Drymoque‚
377 1097 594 1142 Xanthoque,
614 1098 797 1142 Ligeaque,
816 1096 1105 1140 Phyllodoceque,

149 1140 331 1175 Caesariem
348 1142 464 1176 effusae
482 1144 632 1177 nitidam
650 1156 710 1188 per
727 1143 878 1176 candida
894 1142 982 1176 colla
996 1154 1005 1183 ;

151 1187 286 1227 [Nesaee
302 1188 461 1233 Spioque,
479 1190 679 1234 Thaliaque,
698 1188 990 1234 Cymodoceque,]

149 1232 384 1278 Cydippeque,
401 1239 436 1268 et
452 1235 542 1269 flava
560 1236 721 1280 Lycorias
735 1248 741 1269 :
767 1235 878 1269 altera
893 1234 1002 1278 virgo,

149 1279 269 1314 Altera
287 1285 365 1314 tum
382 1281 509 1325 primos
527 1282 666 1315 Lucinae
684 1285 828 1325 experta
843 1280 999 1322 labores;
1201 1281 1269 1314 340

151 1325 293 1371 Clioque
310 1331 345 1360 et
362 1326 471 1361 Beroe
490 1339 592 1370 soror,
611 1328 830 1362 Oceanitides
846 1326 968 1369 ambae,

150 1371 271 1406 Ambae
288 1384 381 1416 auro,
399 1374 502 1417 pictis
520 1375 681 1408 incinctae
698 1373 848 1418 pellibus
865 1372 974 1407 ambae
988 1383 999 1414 ;

152 1420 266 1463 Atque
284 1419 433 1463 Ephyre,
451 1425 556 1465 atque
574 1421 667 1465 Opis,
685 1426 719 1453 et
737 1420 820 1454 Asia
837 1419 1003 1463 Deiopea,

149 1465 197 1499 Et
214 1465 356 1498 tandem
372 1466 493 1510 positis
510 1467 610 1500 velox
628 1466 800 1500 Arethusa
816 1465 962 1510 sagittis.

151 1510 250 1545 Inter
267 1523 351 1556 quas
369 1523 487 1546 curam
506 1513 667 1557 Clymene
684 1512 846 1546 narrabat
862 1513 1001 1545 inanem

151 1557 313 1599 Vulcani,
333 1558 528 1603 Martisque
546 1559 640 1592 dolos
658 1563 693 1592 et
711 1559 828 1592 dulcia
844 1559 940 1591 furta
955 1570 963 1599 ;

152 1605 267 1648 Atque
285 1603 378 1638 Chao
396 1605 517 1638 densos
535 1605 656 1639 divum
672 1604 877 1638 numerabat
894 1614 1036 1638 amores.

153 1649 313 1684 Carmine
330 1662 397 1693 quo
415 1656 527 1696 captae
545 1652 627 1685 dum
644 1651 730 1684 fusis
747 1651 866 1684 mollia.
883 1662 991 1695 pensa
1303 1673 1311 1709 ,Ι

153 1695 364 1737 Devolvunt,
383 1698 511 1730 iterum
529 1703 702 1731 maternas
719 1698 777 1730 imv
794 1697 862 1730 ulit
877 1708 977 1730 aures
1306 1702 1308 1708 '

152 1741 284 1777 Luctus
301 1744 450 1787 Aristaei,
468 1744 654 1789 vitreisque
672 1743 837 1778 sedilibus
855 1753 971 1778 omnes
1205 1744 1270 1776 3512
1282 1709 1310 1927 i
