1345 1927
105 67 170 99 180
409 63 446 96 P.
465 51 670 96 VI‘RGILII
696 60 910 95 MARoms

100 131 166 165 Ille
184 131 276 164 inter
293 141 487 174 navemque
505 129 587 172 Gyae
605 129 830 172 scopulosque
847 131 1008 160 sonantes

100 177 208 210 Radit
226 176 291 209 iter
308 175 437 209 laevutn
453 175 606 216 interior,
623 175 806 218 subitoque
823 173 971 218 priorem
1157 173 1223 207 170

99 222 270 264 Praeterit,
288 226 324 255 et
342 221 443 254 metis
461 225 558 254 tenet
575 232 712 264 aequora
729 226 808 253 tuta
825 218 964 252 relictis.

99 268 190 301 'l'um
208 279 286 301 vero
304 267 433 301 exarsit
448 267 570 310 juveni
588 266 684 299 dolor
701 265 832 299 ossibus
849 265 972 307 ingens
987 277 995 305 3

99 314 131 347 N
137 325 174 347 ec
191 313 344 347 lacrimis
361 324 501 346 caruere
519 324 617 355 genae
632 325 640 352 ;
665 322 875 355 segnemque
893 311 1081 354 Menoeten,

102 360 241 393 Oblitus
259 359 461 401 decorisque
479 359 533 391 sui
551 358 751 401 sociumque
769 357 902 399 salutis,

103 405 145 439 In
163 417 258 438 mare
275 405 488 449 praecipitem
506 404 617 448 puppi
635 403 800 437 deturbat
817 402 860 436 ab
878 402 972 436 alta:

102 451 182 495 Ipse
199 450 409 495 gubernaclo
426 454 538 483 rector
556 449 659 492 subit,
678 449 751 493 ipse
767 449 943 492 magister,

103 497 346 540 Hortaturque
363 496 462 537 viros,
481 496 686 538 clavumque
704 495 748 527 ad
767 494 869 527 litora
887 497 1036 538 torquet.

103 542 152 576 At
170 542 295 586 gravis,
313 546 353 574 ut
369 541 478 574 fundo
496 541 556 573 vix
574 540 716 573 tandem
732 540 890 573 redditus
907 540 976 572 imo
993 543 1046 573 est

104 588 129 622 J
132 600 188 621 am
206 587 327 628 senior,
344 587 553 629 madidaque
570 585 680 619 fluens
699 586 735 618 in
752 589 856 628 veste,
875 586 1056 629 Menoetes,

105 634 251 667 Summa
267 632 358 676 petit
375 632 517 676 scopuli,
536 631 693 674 siccaque
710 631 747 664 in
764 642 851 674 rupe
868 631 1005 665 resedit.
1162 632 1229 665 180

106 680 214 713 Illum
232 683 266 711 et
283 677 458 711 labentem
475 677 599 710 Teucri
616 682 650 710 et
667 677 771 710 risere
788 681 970 710 natantem
984 689 993 718 3

107 725 171 770 [Et
189 724 293 758 salsos
310 724 427 757 rident
443 728 679 757 revomentem
696 727 833 767 pectore
849 721 1005 767 fluctus]

107 771 177 804 Hic
194 770 277 804 laeta
293 769 457 803 extremis
475 781 551 813 spes
568 774 620 802 est
637 780 781 802 accensa
798 767 942 811 duobus,

108 817 267 860 Sergesto
284 815 539 858 Mnestheique,
559 815 658 858 Gyan
676 825 837 858 superare
854 818 1056 848 morantem.

109 862 288 906 Sergestus
306 861 400 905 capit
417 865 499 894 ante
516 861 639 903 locum,
657 860 864 904 scopuloque
881 860 1092 904 propinquat
1106 872 1116 902 ;

108 908 141 942 N
144 920 181 941 ec
199 912 273 941 tota
290 911 408 940 tamen
426 907 484 939 ille
501 907 593 950 prior
610 911 788 950 praeeunte
805 905 923 939 carina
940 918 948 946 ;

111 954 215 988 Parte
233 953 325 997 prior
340 965 348 993 ;
374 957 510 996 partem
527 956 635 985 rostro
653 952 779 995 premit
798 951 925 985 aemula
943 951 1077 985 Pristis.

111 1000 160 1033 At
176 999 292 1032 media
309 998 415 1031 socios
433 998 594 1031 incedens
611 1009 700 1031 nave
717 1009 778 1041 per
795 998 885 1041 ipsos

113 1046 286 1079 Hortatur
303 1044 507 1077 Mnestheus
521 1055 528 1077 :
553 1046 570 1061 “
582 1044 614 1077 N
616 1056 693 1084 unc,
711 1055 805 1077 nunc
822 1044 991 1087 insurgite
1007 1041 1119 1084 remis,

114 1090 277 1124 Hectorei
296 1090 389 1132 socii,
406 1089 515 1133 Trojae
532 1099 617 1132 quos
635 1092 724 1120 sorte
742 1099 902 1131 suprema
1167 1089 1233 1121 190

114 1137 238 1180 Delegi
254 1136 396 1169 comites
411 1148 418 1175 ;
443 1146 538 1167 nunc
554 1134 632 1166 illas
649 1134 796 1177 promite
813 1133 911 1176 vires,

114 1183 147 1216 N
150 1194 218 1216 unc
235 1182 378 1223 animos,
397 1180 521 1224 quibus
537 1180 575 1212 in
593 1179 736 1212 Gaetulis
753 1178 913 1222 Syrtibus
930 1179 994 1223 usi,

117 1228 283 1271 Ionioque
299 1227 397 1269 mari,
415 1226 610 1262 Maleaetuue
628 1224 830 1268 sequacibus
847 1225 959 1258 undis.

117 1275 196 1308 Non
208 1275 283 1317 jam
300 1273 413 1317 prima
429 1277 509 1316 peto
527 1271 740 1311 Mnestheus,
757 1282 869 1314 neque
886 1271 1022 1304 vincere
1040 1276 1132 1305 certo
1147 1283 1155 1312 ;

119 1321 338 1363 Quamquam
351 1320 388 1352 o!
415 1318 473 1352 sed
487 1322 659 1361 superent,
674 1316 799 1360 quibus
813 1317 886 1360 hoc,
900 1317 1074 1361 Neptune,
1088 1317 1213 1350 dedisti
1225 1329 1234 1358 ;

119 1366 300 1399 Extremos
318 1364 449 1408 pudeat
465 1364 626 1397 rediisse:
652 1363 716 1396 hoc
734 1363 872 1405 vincite,
889 1363 990 1406 cives,

117 1410 166 1444 Et
182 1409 361 1454 prohibete
377 1408 507 1441 nefas.”
557 1408 626 1441 Olli
643 1408 833 1441 certamine
850 1419 984 1441 summo

118 1452 377 1486 Procumbunt:
403 1453 509 1486 vastis
527 1453 646 1486 tremit
662 1453 789 1486 ictibus
807 1465 894 1487 aerea
909 1454 1046 1498 puppis,

119 1498 414 1542 Subtrahiturque
431 1498 543 1531 solum
557 1511 565 1540 3
590 1503 667 1532 tum
685 1499 801 1532 creber
817 1499 993 1533 anhelitus
1009 1503 1106 1534 artus

119 1544 295 1587 Aridaque
313 1555 372 1577 ora
388 1544 504 1587 quatit
518 1557 526 1585 ;
552 1544 655 1578 sudor
671 1544 751 1578 fluit
766 1545 922 1588 undique
937 1545 1030 1580 rivis.
1169 1547 1238 1579 200

120 1589 254 1622 Attulit
271 1589 344 1633 ipse
361 1589 443 1623 viris
460 1594 621 1633 optatum
638 1602 736 1624 casus
753 1591 926 1626 honorem.

120 1634 281 1677 Namque
297 1635 416 1669 furens
433 1636 551 1677 animi,
569 1636 653 1669 dum
670 1648 806 1680 proram
823 1637 867 1670 ad
884 1648 969 1671 saxa
985 1636 1154 1681 suburget

122 1680 281 1723 Interior,
299 1681 478 1725 spatioque
496 1681 590 1715 subit
607 1681 786 1725 Sergestus
803 1683 922 1728 iniquo
938 1695 946 1718 :

122 1725 256 1760 Infelix
272 1727 364 1761 saxis
381 1727 417 1761 in
435 1728 717 1772 procurrentibus
733 1728 842 1763 haesit.
