1320 1932
419 104 639 139 AENEIDOS
664 104 751 137 LIB.
770 103 850 137 XII.
1130 103 1194 136 361

87 179 107 195 “
121 176 174 210 Ne
191 187 259 220 qua
275 175 360 209 meis
379 179 450 208 esto
468 174 570 207 dictis
588 185 688 206 mora.
743 172 886 215 Jupiter
907 171 971 203 hac
990 177 1067 203 stat.

86 221 163 255 Neu
180 221 257 265 quis
275 220 316 254 ob
334 221 511 264 inceptum
529 218 683 252 subitum
700 217 785 250 mihi
804 218 940 260 segnior
957 218 1016 250 ito.

87 267 216 301 Urbem
232 266 344 309 hodie,
362 277 501 299 causam
517 264 609 306 belli,
627 276 734 307 regna
751 264 825 307 ipsa
843 264 972 306 Latini,

87 313 133 346 Ni
149 314 288 346 frenum
305 312 458 356 accipere
475 316 510 344 et
527 311 611 344 victi
628 321 747 354 parere
763 310 929 351 fatentur,

87 359 226 401 Eruam,
245 363 279 391 et
296 369 394 401 aequa
412 357 481 390 solo
497 357 671 389 fumantia
689 355 842 389 culmina
859 366 994 398 ponam.

88 404 227 438 Scilicet
244 408 450 447 exspectem,
468 402 574 435 libeat
592 402 675 434 dum
693 401 814 446 proelia
830 401 946 434 Turno
1138 402 1205 434 570

88 450 215 484 Nostra
231 450 316 494 pati,
333 459 519 492 rursusque
536 448 622 481 velit
639 458 841 481 concurrere
859 448 971 481 victus
987 447 998 480 2

90 496 166 529 Hoc
183 502 299 540 caput,
316 506 336 528 o
353 495 453 537 cives,
471 494 546 527 haec
563 493 644 527 belli
663 505 797 526 summa
814 494 965 527 nefandi.

90 542 192 575 Ferte
208 541 300 575 faces
318 552 468 585 propere,
486 540 666 583 foedusque
683 540 851 583 reposcite
869 537 1040 574 flammis?

89 587 246 630 Dixerat,
264 592 369 630 atque
387 586 511 619 animis
528 587 658 630 pariter
674 585 887 618 certantibus
905 597 1022 618 omnes

91 633 188 667 Dant
205 644 364 675 cuneum,
383 632 556 675 densaque
573 632 617 665 ad
634 643 749 664 muros
766 631 855 664 mole
872 631 1042 665 feruntur.

91 679 200 713 Scalae
217 679 410 723 improviso,
430 677 634 721 subitusque
651 677 814 721 apparuit
832 677 931 720 ignis.

92 725 301 758 Discurrunt
319 725 378 758 alii
396 724 440 758 ad
458 728 583 767 portas,
601 723 796 767 primosque
815 723 990 756 trucidant
1007 735 1016 764 3

93 771 238 804 Ferrum
255 770 315 804 alii
333 774 505 814 torquent,
523 775 557 802 et
575 769 782 802 obumbrant
800 769 929 802 aethera
947 769 1035 805 telis.

94 817 173 861 Ipse
190 817 281 849 inter
297 816 425 861 primos
443 815 603 848 dextram
621 815 684 848 sub
701 815 829 848 moenia
846 815 960 848 tendit

93 863 230 905 AEneas,
248 873 443 905 magnaque
460 861 597 894 incusat
615 872 696 894 voce
715 860 900 902 Latinum3
1145 862 1212 894 580

95 909 325 951 Testaturque
343 908 432 949 deos,
450 907 577 940 iterum
595 917 629 939 se
646 906 691 939 ad
708 906 830 950 proelia
847 907 943 950 cogi3

94 954 153 988 Bis
166 955 240 998 jam
260 953 368 987 Italos
384 953 518 992 hostes3
543 952 616 986 haec
633 952 743 986 altera
758 952 889 986 foedera
905 953 1031 998 rumpi.

94 1000 262 1033 Exoritur
278 999 429 1043 trepidos
447 999 538 1032 inter
555 998 724 1031 discordia
742 999 850 1032 cives:

96 1046 225 1079 Urbem
241 1046 303 1079 alii
319 1056 468 1078 reserare
481 1044 617 1088 jubent,
636 1048 670 1077 et
688 1044 838 1088 pandere
856 1049 972 1088 portas

96 1091 316 1134 Dardanidis,
336 1091 517 1134 ipsumque
535 1090 680 1124 trahunt
698 1090 734 1123 in
751 1091 879 1124 moenia
895 1102 1030 1134 regem;

97 1137 205 1170 Arma
222 1137 345 1182 ferunt⁴
359 1137 428 1179 alii,
447 1141 482 1169 et
499 1140 651 1180 pergunt
669 1136 852 1169 defendere
869 1148 1002 1171 muros:

99 1183 257 1216 Inclusas
274 1187 315 1216 ut
333 1194 441 1226 quum
458 1182 627 1215 latebroso
644 1182 680 1214 in
699 1182 836 1226 pumice
853 1187 971 1226 pastor

99 1229 297 1272 Vestigavit
314 1240 406 1272 apes,
422 1227 589 1271 fumoque
606 1228 765 1272 implevit
782 1239 918 1269 amaro;

100 1275 174 1308 Illae
191 1275 287 1308 intus
305 1274 449 1317 trepidae
466 1285 581 1306 rerum
598 1285 659 1318 per
676 1285 772 1307 cerea
790 1278 903 1307 castra
933 1274 938 1283 ²

99 1320 319 1362 Discurrunt,
336 1320 540 1363 magnisque
558 1323 691 1352 acuunt
709 1319 912 1353 stridoribus
930 1320 1016 1354 iras:
1150 1322 1217 1354 590

100 1366 263 1399 Volvitur
281 1370 354 1399 ater
372 1366 454 1398 odor
471 1365 571 1399 tectis
583 1378 591 1406 3
617 1370 693 1398 tum
710 1377 888 1399 murmure
905 1377 994 1400 caeco

102 1412 203 1445 Intus
222 1423 305 1445 saxa
323 1415 466 1452 sonant;
492 1422 617 1444 vacuas
635 1411 663 1444 it
681 1411 798 1444 fumus
815 1412 859 1445 ad
877 1423 987 1446 auras,

148 1458 286 1490 Accidit
303 1458 376 1490 haec
394 1457 491 1490 fessis
509 1457 614 1490 etiam
631 1457 772 1490 fortuna
790 1457 933 1502 Latinis,

102 1503 186 1544 Quae
204 1508 313 1536 totam
331 1504 430 1536 luctu
448 1503 619 1536 concussit
635 1503 796 1536 funditus
813 1503 943 1538 urbem.

103 1549 237 1592 Regina
254 1553 295 1582 ut
312 1549 414 1582 tectis
431 1549 627 1582 venientem
645 1549 811 1593 prospicit
828 1550 974 1590 hostem,

103 1595 232 1628 Incessi
249 1606 374 1638 muros,
391 1595 488 1638 ignes
506 1595 550 1628 ad
568 1599 661 1628 tecta
678 1595 802 1637 volare,

102 1640 284 1684 Nusquam
302 1641 392 1674 acies
410 1645 529 1674 contra
548 1641 707 1684 Rutulas,
726 1641 823 1675 nulla
841 1642 981 1685 agmina
999 1641 1127 1683 Turni3

104 1686 234 1719 Infelix
251 1698 379 1731 pugnae
391 1688 557 1731 juvenem
574 1687 610 1719 in
629 1687 817 1720 certamine
835 1688 943 1720 credit

103 1732 347 1773 Exstinctum;
373 1737 416 1774 et,
435 1732 547 1766 subito
564 1736 717 1765 mentem
735 1733 876 1766 turbata
894 1734 1017 1777 dolore,

102 1777 148 1813 Se
164 1789 303 1812 causam
320 1778 458 1823 clamat,
477 1778 685 1823 crimenque,
703 1783 877 1824 caputque
894 1779 1062 1813 malorum
1072 1792 1083 1822 3
1154 1782 1209 1814 60(
1213 1785 1220 1805 i
