1345 1927
77 73 121 105 24
384 73 422 108 P.
441 71 647 109 VIRGILII
675 74 745 107 MA
752 74 842 108 RON
852 74 860 106 1
869 73 891 108 S

75 144 99 161 “
110 143 289 178 Montibus
305 144 380 178 haec
396 146 519 178 vestris
534 158 542 186 ;
567 145 629 178 soli
647 148 788 177 eantare
805 145 906 188 periti

80 188 240 222 Arcades.
282 188 309 222 O
326 188 415 221 mihi
432 192 509 221 tum
526 199 629 231 quam
647 186 799 220 molliter
815 198 890 220 ossa
908 186 1098 231 quiescant,

80 234 206 268 Vestra
221 245 314 268 meos
331 234 414 267 olim
432 234 460 267 si
478 233 596 266 fistula
613 232 708 266 dicat
724 243 856 265 amores
872 235 878 266 l

80 280 195 325 Atque
211 280 350 314 utinam
367 291 410 313 ex
427 278 522 313 vobis
538 289 640 322 unuS‚
658 278 832 322 vestrique
849 278 992 311 fuissem

77 326 152 360 Aut
169 329 283 360 custos
300 325 424 369 gregis,
442 329 504 358 aut
521 328 668 358 maturae
686 324 814 358 vinitor
832 335 909 357 uvae
925 325 931 357 !

79 371 179 406 Certe
196 372 267 406 sive
283 371 371 405 mihi
388 371 533 415 Phyllis,
552 371 623 404 sive
641 373 728 403 esset
745 370 927 414 Amyntas,

78 417 147 452 Seu
165 418 375 462 quicumque
392 417 497 460 furor,
517 415 617 461 (quid
635 420 722 459 tum,
741 415 769 448 si
786 416 904 449 fuscus
920 414 1092 460 Amyntas
1106 413 1118 448 ’ἒ

78 463 125 497 Et
141 464 250 507 nigrae
268 463 366 497 violae
385 467 477 506 sunt,
494 467 529 496 et
547 462 702 496 vaccinia
719 461 834 505 nigra)

77 508 220 543 Mecum
236 509 328 543 inter
344 508 464 542 salices
480 509 576 542 lenta
593 507 657 541 sub
674 508 744 541 vite
757 508 889 550 jaceret
904 519 912 548 ;
1159 507 1205 540 40

77 554 178 590 Serta
193 555 281 588 mihi
298 554 433 599 Phyllis
449 554 589 598 legeret,
607 557 764 586 cantaret
781 553 961 596 Amyntas.

79 600 149 635 Hic
165 601 274 646 gelidi
290 601 414 644 fontes,
431 600 488 633 hic
505 599 625 632 mollia
641 603 751 643 prata,
771 598 903 642 Lycori,

78 646 149 681 IIic
165 658 288 680 nemus
302 659 311 688 ς
335 646 394 680 hic
410 646 484 690 ipso
502 649 619 679 tecum
636 655 854 678 consumerer
871 655 952 678 aevo.

77 692 182 726 Nunc
198 693 341 726 insanus
358 703 454 725 amor
471 692 550 725 duri
566 703 622 724 me
639 690 764 724 Martis
781 690 818 723 in
835 690 939 723 armis

77 739 162 773 'Pela
178 739 270 773 inter
286 738 401 772 media
418 742 525 782 atque
541 737 702 771 adversos
719 736 854 769 detinet
871 736 986 770 hostes
1000 747 1007 769 :

78 784 132 818 Tu
148 785 270 830 procul
286 796 307 818 a
323 785 438 829 patria
457 784 533 828 (nec
553 784 597 816 sit
613 783 701 815 mihi
719 782 856 815 credere
873 786 1014 816 tantum
1029 780 1054 826 !)

80 831 236 876 Alpinas,
253 831 300 864 ah
317 831 405 864 dura
419 831 425 864 l
453 830 549 863 nives
567 833 602 862 et
619 829 748 871 frigora
766 828 880 861 Rheni

78 876 137 910 Me
154 877 227 910 sine
245 876 316 910 sola
333 876 437 910 vides.
478 875 536 908 Ah
553 879 588 908 te
604 886 648 908 ne
664 875 794 918 frigora
811 874 942 907 laedant
957 875 964 907 !

80 923 135 956 Ah
152 922 217 956 tibi
233 934 277 956 ne
294 926 430 955 teneras
446 921 575 966 glacies
593 924 684 954 secet
701 932 822 965 aspera
839 920 977 964 plantas
993 921 1000 954 !

81 968 150 1012 rho,
168 973 213 1012 et,
231 968 428 1003 Chalcidico
446 978 522 1011 quae
541 971 623 1000 sunt
639 966 726 999 mihi
744 966 883 999 condita
902 977 1002 1000 versu
1158 968 1204 1000 50

76 1014 248 1058 Carmina,
265 1014 412 1059 pastoris
431 1013 540 1047 Siculi
556 1012 761 1046 modulabor
777 1024 896 1046 avena.

78 1061 220 1095 Certum
238 1065 290 1094 est
306 1060 344 1094 in
361 1060 467 1103 silvis,
484 1060 576 1093 inter
593 1059 719 1103 spelaea
734 1059 897 1101 ferarum,

75 1106 185 1141 Malle
201 1107 287 1151 pati,
304 1107 499 1150 tenerisque
516 1117 608 1139 meos
626 1104 776 1138 incidere
793 1115 925 1138 amores

76 1152 266 1187 Arboribus
281 1165 289 1194 ;
314 1156 468 1186 crescent
485 1152 564 1194 illae,
582 1151 751 1193 crescetiS,
769 1161 909 1184 amores.

76 1197 217 1233 Interea
232 1198 353 1233 mixtis
370 1197 524 1232 lustrabo
542 1197 696 1231 Maenala
714 1196 896 1240 Nymphis,

75 1244 150 1278 Aut
166 1256 260 1279 acres
277 1244 428 1279 venabor
444 1255 563 1288 apr0s3
587 1255 657 1276 non
674 1254 730 1276 mc
747 1242 820 1275 ulla
837 1241 1008 1276 vetabunt

75 1290 220 1335 Frigora
237 1290 442 1324 Parthenios
460 1289 604 1323 canibus
622 1289 835 1322 circumdare
853 1288 971 1322 saltus.

75 1336 102 1371 J
103 1348 160 1370 am
176 1336 265 1370 mihi
281 1348 342 1381 per
357 1347 461 1380 rupes
478 1335 596 1368 videor
612 1335 776 1378 lucosque
794 1338 955 1368 sonantes

76 1382 132 1416 Ire
146 1395 154 1424 ;
180 1383 266 1417 libet
282 1382 413 1416 Partho
431 1386 590 1426 torquere
608 1380 763 1424 Cydonia
779 1391 887 1413 cornu

75 1429 218 1473 Spicula
233 1441 241 1470 ;
266 1433 447 1473 tamquam
463 1428 538 1461 haec
555 1427 626 1460 sint
642 1426 751 1460 nostri
768 1426 941 1459 medicina
958 1425 1093 1470 furoris,
1157 1428 1202 1460 60

76 1475 150 1509 Aut
167 1475 251 1509 deus
267 1474 327 1508 ille
344 1474 445 1508 malis
462 1473 644 1507 hominum
661 1472 840 1506 mitescere
857 1472 977 1506 discat.

77 1521 159 1555 Jam
175 1532 287 1565 neque
305 1519 570 1563 Hamadryades
585 1530 725 1552 rursum
742 1529 805 1551 nec
823 1518 976 1552 carmina
992 1517 1090 1552 nobis

76 1567 158 1611 Ipsa
174 1567 315 1611 placent
329 1579 337 1608 ;
362 1566 446 1611 ipsae
463 1577 602 1599 rursum
619 1564 798 1598 concedite
816 1564 923 1598 silvae.

75 1613 154 1648 Non
171 1613 273 1647 illum
288 1613 398 1646 nostri
414 1615 559 1656 possunt
575 1614 712 1644 mutare
729 1610 871 1653 labores,

6 1650 9 1654 r
74 1658 109 1692 N
111 1670 148 1692 ec
166 1659 194 1692 si
210 1658 397 1702 frigoribus
413 1657 537 1691 mediis
555 1657 782 1699 Hebrumque
798 1655 969 1698 bibamus,

75 1705 320 1749 Sithoniasque
336 1705 433 1739 nives
450 1703 573 1737 hiemis
591 1702 774 1736 subeamus
791 1713 937 1745 aquosae,

75 1751 148 1786 Nec
165 1751 202 1796 si,
221 1762 330 1796 quum
346 1750 495 1784 moriens
512 1750 585 1784 alta
601 1749 687 1782 liber
704 1752 778 1783 aret
795 1748 831 1781 in
849 1747 952 1783 ulmo.
