1345 1927
438 24 659 59 AENEIDOS
683 25 770 60 LIB.
797 26 844 60 II.
938 77 948 83 l
1136 29 1199 61 123

85 91 300 136 Agnoscunt,
317 94 422 136 atque
438 102 497 125 ora
514 103 595 125 sono
612 92 782 126 discordia
799 93 949 136 signant.

86 137 188 171 Ilicet
204 137 382 170 obruimur
398 149 541 171 numero
556 149 562 171 :
588 138 789 182 primusque
807 138 968 172 Coroebus

84 183 224 217 Penelei
242 183 366 217 dextra
382 183 470 216 divae
487 183 727 227 armipotentis
744 183 789 217 ad
806 195 902 217 aram

84 228 308 270 Procumbit‚
300 241 307 248 ·
333 229 427 262 cadit
443 232 478 262 et
495 229 662 273 Rhipeus
672 229 886 272 justissimus
902 241 994 264 unus

85 274 153 316 Qui
169 274 264 307 fuit
254 286 292 308 111
309 275 458 317 Teucris,
475 278 510 308 et
528 275 804 308 servantissimus
822 275 933 317 aequi:

82 321 145 354 Dis
161 320 262 354 aliter
278 321 400 354 visum.
438 301 590 354 Pereunt
606 320 837 364 Hypanisque
853 320 1062 366 Dymasque,

84 365 219 400 Confixi
236 378 257 400 a
273 366 394 407 sociis3
418 377 482 399 1100
498 370 534 399 te
550 369 613 399 tua
629 366 790 410 plurima,
807 365 961 411 Panthu,

83 411 274 445 Labentem
291 412 412 456 pietas,
430 423 493 445 nec
510 412 682 455 Apollinis
698 411 813 445 infula
829 413 929 447 texit.
1132 415 1198 447 430

83 457 183 490 Iliaci
200 457 339 501 cineres,
356 462 391 491 et
407 457 547 490 flamma
563 461 719 491 extrema
734 469 900 501 meorum,

82 503 210 545 Testor,
228 504 266 537 in
283 515 406 537 occasu
421 507 535 536 vestro
552 514 615 536 nec
632 503 704 536 tela
719 514 783 536 nec
799 504 890 537 ullas

82 548 255 583 Vitavisse
271 549 363 583 vices
379 549 542 582 Danaum
556 562 564 590 ;
590 553 624 582 et
642 549 670 582 si
686 549 761 582 fata
776 549 935 593 fuissent,

82 594 132 628 Ut
148 595 314 637 caderem,
331 595 496 628 meruisse
511 606 629 628 manu.
669 594 878 628 Divellimur
894 595 998 630 inde.

83 640 223 684 Iphitus
240 644 275 674 et
292 640 404 674 Pelias
421 651 582 681 mecum3
607 652 754 684 quorum
772 640 911 684 Iphitus
929 652 1001 676 aevo

81 686 108 720 J
109 697 165 719 am
181 686 328 730 gravior,
346 686 459 719 Pelias
476 690 512 720 et
528 686 670 719 vulnere
687 686 808 720 tardus
825 687 947 728 Ulixi;

81 731 247 765 Protinus
263 732 308 765 ad
325 732 420 765 sedes
437 731 568 765 Priami
585 732 733 765 clamore
749 732 874 766 vocati.

81 776 150 810 Hic
168 789 247 811 vero
264 777 624 821 ingentempugnam,
642 788 705 810 ceu
722 781 836 810 cetera
851 789 1024 822 nusquam

80 822 179 856 Bella
194 823 317 866 forent,
334 822 425 855 nulli
442 827 517 856 tota
532 826 748 862 morerentur
764 822 802 855 in
818 823 913 867 urbe,

80 868 137 902 Sic
154 869 304 902 Martem
320 868 540 912 indomitum,
557 868 764 911 Danaosque
780 868 825 901 ad
842 872 936 902 tecta
952 872 1092 903 mentes
1128 872 1196 903 440

80 914 269 957 Cernimus,
287 913 526 958 obsessumque
543 918 622 947 acta
638 914 815 948 testudine
832 914 948 949 limen.

79 959 223 993 Haerent
239 960 429 1004 parietibus
447 960 555 1003 scalae,
572 964 754 1004 postesque
771 959 834 993 sub
850 961 941 1004 ipsos

78 1005 112 1039 N
114 1006 253 1039 ituntur
268 1005 442 1050 gradibus,
461 1006 656 1050 clipeosque
673 1006 718 1039 ad
735 1006 805 1039 tela
823 1006 972 1040 sinistris

79 1051 232 1085 Protecti
248 1052 426 1095 objiciunt,
443 1055 609 1096 prensant
625 1051 766 1095 fastigia
783 1052 924 1086 dextris.

78 1097 288 1131 Dardanidae
305 1101 425 1131 contra
442 1102 553 1131 turres
571 1109 611 1131 ac
627 1101 721 1131 tecta
738 1098 918 1131 domorum

79 1143 240 1177 Culmina
256 1143 477 1177 convellunt:
501 1143 556 1176 his
574 1155 617 1187 se,
635 1143 774 1187 quando
791 1143 918 1177 ultima
935 1148 1091 1188 cernunt,

77 1188 246 1222 Extrema
257 1190 332 1232 jam
348 1189 385 1222 in
401 1193 512 1223 morte
528 1194 654 1233 parant
671 1189 854 1222 defendere
871 1190 960 1232 telis,

77 1233 299 1278 Auratasque
316 1234 440 1277 trabes,
457 1241 614 1268 veterum
631 1235 753 1268 decora
770 1234 842 1268 alta
858 1239 1055 1279 parentum,

76 1279 277 1314 Devolvunt
291 1291 298 1314 :
323 1280 385 1313 azbi
402 1280 530 1313 strictis
545 1280 768 1313 mucronibus
784 1281 871 1314 imas

78 1325 247 1359 Obsedere
263 1325 352 1359 fores
366 1337 375 1366 ;
399 1325 462 1358 has
479 1330 618 1359 servant
635 1326 772 1369 agmine
790 1326 906 1360 denso.
1123 1330 1190 1360 450

77 1370 271 1404 Instaurati
287 1371 405 1414 animi,
421 1371 512 1415 regis
530 1383 727 1405 succurrere
743 1371 854 1414 tectis,

76 1416 288 1460 Auxilioque
304 1417 419 1451 levare
435 1417 535 1460 viros,
552 1417 691 1461 vimque
707 1417 833 1451 addere
849 1417 961 1452 victis.

117 1464 270 1496 “Limen
288 1468 370 1505 erat,
389 1474 558 1507 caecaeque
575 1465 672 1506 fores,
690 1467 725 1497 et
742 1465 880 1507 pervius
896 1475 980 1499 usus

75 1507 260 1541 'sectorum
275 1508 368 1541 inter
385 1518 419 1540 se
436 1507 577 1550 Priami,
594 1511 776 1551 postesque
792 1508 906 1541 relicti

77 1554 108 1586 A
125 1557 222 1597 tergo
237 1565 245 1594 ;
269 1553 393 1586 infelix
413 1564 481 1596 qua
499 1564 543 1596 se,
561 1553 645 1586 dum
661 1564 769 1596 regna
784 1554 982 1597 manebant,

76 1599 208 1643 Saepius
224 1598 465 1632 Andromache
482 1599 570 1632 ferre
587 1599 791 1632 incomitata
808 1599 937 1633 solebat

76 1644 132 1677 Ad
149 1655 290 1688 soceros,
307 1649 343 1678 et
359 1656 423 1678 avo
440 1656 585 1688 puerum
602 1645 817 1688 Astyanacta
835 1645 1004 1680 trahebat.

75 1689 194 1724 Evado
211 1690 255 1724 ad
273 1690 399 1724 summi
417 1690 558 1734 fastigia
575 1690 746 1733 culminis,
764 1691 856 1724 unde
