1345 1927
96 51 140 85 74
404 50 442 84 P.
460 50 667 85 VIRGILII
693 50 911 86 MARONIS

95 117 321 150 Transversas
339 116 459 150 salices
477 121 512 150 et
529 117 676 161 grandia
693 119 824 162 conjice
842 130 935 161 saxa,

95 162 266 196 Pontibus
283 166 323 195 ut
341 161 466 195 crebris
483 163 618 206 possint
635 165 830 207 consistere,
848 169 884 198 et
900 164 973 198 alas

95 208 252 241 Pandere
269 208 315 241 ad
332 208 494 241 aestivum
511 208 640 250 solem3
666 209 695 242 si
711 210 800 243 forte
816 215 990 243 morantes

95 253 276 298 Sparserit‚
294 258 357 287 aut
374 264 526 298 praeceps
543 254 709 298 Neptuno
726 255 933 290 immerserit
950 267 1063 290 eurus.

95 299 182 333 Haec
199 300 331 333 circum
348 300 449 333 casiae
467 300 604 343 virides,
622 305 657 333 et
675 300 805 334 olentia
822 301 892 334 late
1176 303 1222 336 30

94 345 263 390 Serpylla,
280 350 315 379 et
332 346 486 389 graviter
503 346 666 389 spirantis
684 347 783 390 copia
799 346 972 390 thymbrae

95 391 271 434 Floreat,
261 391 501 435 irriguumque
519 391 641 425 bibant
659 392 803 425 violaria
819 393 962 427 fontem.

95 437 177 481 Ipsa
193 441 323 479 autem,
341 448 402 470 seu
418 437 601 470 corticibus
619 437 683 470 tibi
701 442 780 471 suta
797 439 939 482 cavatis,

93 482 163 517 Seu
179 483 274 516 lento
290 483 423 516 fuerint
440 483 592 517 alvearia
608 483 738 516 vimine
756 488 865 527 texta,

97 529 272 572 Angustos
289 528 443 562 habeant
460 529 576 562 aditus
591 541 597 562 :
623 540 705 562 nam
721 529 849 572 frigore
865 529 972 563 mella

93 574 195 618 Cogit
212 574 334 617 hiems,
352 574 542 618 eademque
559 574 652 608 calor
669 575 861 618 liquefacta
876 576 1036 610 remittit.

94 620 251 664 Utraque
268 620 320 653 vis
337 620 461 664 apibus
479 620 609 664 pariter
625 620 814 654 metuenda
829 633 838 662 ;
862 632 974 665 neque
990 621 1060 655 illae

93 666 338 710 Nequidquam
355 667 392 699 in
409 666 510 699 tectis
529 666 690 699 certatim
706 667 827 700 tenuia
844 678 922 700 cera

93 711 313 756 Spiramenta
330 711 458 755 linunt,
476 712 626 755 fucoque
643 716 678 745 et
694 712 835 745 floribus
852 724 928 746 oras

92 757 257 802 Explent‚
275 757 528 802 collectumque
544 757 619 791 haec
636 758 711 801 ipsa
727 758 772 792 ad
788 769 934 792 munera
950 758 1076 802 gluten
1175 759 1222 793 40

93 803 139 837 Et
155 804 247 837 visco
265 808 300 837 et
317 803 480 847 Phrygiae
499 808 637 837 servant
654 804 730 848 pice
748 804 876 837 lentius
896 805 980 838 Idae.

92 849 191 894 Saepe
208 850 315 883 etiam
332 849 469 893 effossis,
487 850 516 882 si
533 861 614 882 vera
631 854 683 882 est
699 850 802 892 fama,
820 850 962 884 latebris

91 895 163 929 Sub
180 900 273 929 terra
289 896 405 928 fovere
422 895 539 938 larem,
558 895 766 939 penitusque
782 903 928 940 repertae

92 941 363 985 Pumicibusque
381 941 474 974 cavis
491 952 671 984 exesaeque
688 941 817 974 arboris
834 946 945 976 antro,

91 987 145 1020 Tu
162 992 280 1021 tamen
298 999 316 1020 e
332 987 402 1020 levi
418 987 544 1020 rimosa
563 986 693 1020 cubilia
709 987 792 1020 lim0

91 1033 219 1077 Ungue
235 1034 355 1066 fovens
373 1033 513 1076 circum7
533 1037 568 1066 et
584 1044 678 1066 raras
696 1044 800 1077 super
815 1033 920 1077 injice
936 1033 1086 1068 frondes.

90 1079 170 1113 Neu
186 1079 328 1124 propius
346 1079 448 1112 tectis
464 1083 590 1112 taxum
607 1079 681 1112 sine
695 1091 704 1120 3
729 1091 816 1112 neve
832 1079 997 1113 rubentes

92 1125 162 1158 Ure
178 1126 254 1159 foco
272 1136 413 1158 cancros
427 1137 436 1165 3
461 1124 542 1158 altae
559 1136 629 1158 neu
647 1125 745 1158 crede
763 1125 895 1169 paludi,

91 1171 165 1205 Aut
181 1171 243 1204 ubi
259 1171 342 1204 odor
359 1171 448 1204 coeni
465 1170 590 1214 gravis,
608 1174 671 1204 aut
687 1170 748 1203 ubi
765 1182 916 1205 concava
933 1171 1040 1216 pulsu

91 1217 184 1251 Saxa
201 1220 335 1260 sonant,
353 1217 514 1260 vocisque
531 1216 659 1250 offensa
675 1217 823 1250 resultat
840 1217 964 1261 imago.
1175 1219 1221 1252 50

139 1263 239 1305 Quod
256 1266 422 1307 superest,
439 1262 501 1295 ubi
518 1262 655 1306 pulsam
672 1262 823 1295 hiemem
841 1262 898 1296 Sol
915 1274 1042 1297 aureus
1059 1263 1133 1308 egit

91 1309 163 1344 Sub
179 1314 299 1352 terras,
317 1308 513 1352 coelumque
530 1309 652 1342 aestiva
668 1308 746 1342 luce
762 1308 914 1352 reclusit,

93 1355 168 1389 111ae
186 1355 352 1389 continuo
369 1354 479 1388 saltus
496 1354 669 1398 silvasque
686 1359 883 1398 peragrant,

93 1401 357 1446 Purpureosque
373 1404 513 1434 metunt
529 1400 638 1444 flores,
655 1404 691 1434 et
706 1400 852 1434 flumina
868 1400 982 1435 libant

91 1448 235 1481 Summa
251 1447 353 1481 leves.
402 1446 497 1480 Hinc
513 1447 627 1480 nescio
645 1457 714 1491 qua
731 1446 915 1480 dulcedine
931 1446 1022 1480 laetae

91 1493 297 1537 Progeniem
313 1492 483 1536 nidosque
499 1492 619 1526 fovent
634 1505 642 1533 ;
667 1492 750 1525 hinc
767 1497 842 1526 arte
857 1497 1012 1526 recentes

91 1540 284 1573 Excudunt
301 1550 403 1582 ceras,
421 1542 456 1572 et
471 1538 576 1572 mella
594 1538 731 1572 tenacia
747 1538 896 1582 fingunt.

92 1586 186 1619 Hinc
202 1585 264 1618 ubi
275 1586 351 1629 jam
368 1585 532 1617 emissum
548 1585 661 1618 caveis
678 1584 723 1618 ad
741 1584 854 1618 sidera
870 1584 948 1618 coeli

90 1631 183 1665 Nare
200 1642 261 1675 per
278 1634 435 1664 aestatem
451 1630 621 1674 liquidam
639 1630 832 1674 suspexeris
849 1641 985 1674 agmen,

92 1676 351 1720 Obscuramque
369 1676 462 1710 trahi
479 1680 582 1710 vento
598 1676 768 1710 mirabere
784 1676 924 1719 nubem,
1172 1679 1218 1711 60

92 1722 372 1768 Contemplator:
397 1733 506 1767 aquas
523 1722 641 1756 dulces
659 1726 694 1756 et
710 1721 854 1756 frondea
871 1732 1003 1766 semper
