1345 1927
102 22 167 54 108
418 20 455 55 P.
475 20 681 55 VIRGILII
707 20 925 55 MARONIS

99 88 193 122 Nota
209 88 273 122 tibi
289 101 297 129 ;
320 91 356 123 et
373 93 489 122 nostro
507 88 648 122 doluisti
667 99 755 132 saepe
773 88 897 122 dolore.

100 134 207 167 Hunc
226 134 405 168 Phoenissa
423 138 520 168 tenet
536 135 636 177 Dido,
654 134 859 178 blandisque
876 136 1032 167 moratur
1152 133 1220 167 670

100 179 272 221 Vocibus3
298 185 333 213 et
350 192 476 223 vereor,
494 192 562 224 quo
579 192 614 213 se
631 180 656 214 J
658 180 788 213 unonia
806 184 944 213 vertant

100 225 265 270 Hospitia
280 239 288 267 ;
313 226 409 259 haud
426 230 526 260 tanto
544 225 690 260 cessabit
708 226 847 259 cardine
864 236 989 260 rerum.

101 272 269 313 Quocirca
286 283 407 316 capere
425 276 506 306 ante
524 272 610 305 dolis
628 276 663 305 et
681 272 817 314 cingere
834 271 975 305 flamma

100 317 272 362 Reginam
289 318 447 361 meditor,
466 329 508 351 ne
526 330 593 362 quo
611 329 645 351 se
662 318 806 351 numine
823 321 956 358 mutet3

99 363 166 397 Sed
183 375 310 407 magno
328 364 446 397 AEncae
464 376 602 398 mecum
619 369 782 397 teneatur
799 375 922 396 amore.

100 409 177 450 Qua
194 410 307 443 facere
324 410 359 443 id
377 410 494 454 possis,
513 416 665 443 nostram
683 421 777 442 nunc
794 410 912 453 accipe
929 412 1082 442 mentem
1097 420 1103 442 :

100 455 230 499 Regius
248 456 363 489 accitu
380 456 451 489 cari
468 456 634 499 genitoris
651 456 696 488 ad
713 455 835 488 urbem

99 500 278 535 Sidoniam
295 513 381 546 puer
397 502 448 534 ire
464 506 575 545 parat,
592 512 670 534 mea
685 501 841 534 maxima
857 512 949 543 cura,

97 547 199 581 Dona
214 547 338 591 ferens,
355 547 478 591 pelago
496 551 531 581 et
547 547 696 580 flammis
713 547 881 580 restantia
898 546 1007 590 Trojae
1022 558 1028 580 :

99 593 206 627 Hunc
223 604 296 637 ego,
314 593 464 637 sopitum
481 604 609 636 somno,
627 604 729 636 super
746 592 818 626 alta
836 592 987 636 Cythera
1153 593 1221 625 680

97 638 172 673 Aut
189 651 292 684 super
309 639 462 672 Idalium
479 643 615 673 sacrata
632 638 710 672 sede
727 638 921 678 recondam,

97 685 150 719 Ne
168 697 237 729 qua
254 685 339 719 scire
357 685 460 729 dolos,
477 685 656 718 mediusve
673 695 849 717 occurrere
866 684 982 728 possit.

97 731 151 764 Tu
167 731 293 764 faciem
310 731 405 764 illius
422 735 559 765 noctem
576 742 646 764 non
664 730 813 774 amplius
832 742 939 763 unam

97 777 195 811 Falle
212 777 299 821 dolo,
317 782 352 811 et
369 781 467 811 notos
485 777 584 822 pueri
600 787 688 821 puer
704 776 811 809 indue
828 776 966 809 vultus:

97 823 147 856 Ut
164 835 273 867 quum
290 827 324 857 te
341 823 472 867 gremio
489 823 637 867 accipiet
654 822 833 855 laetissima
850 822 939 855 Dido

98 869 244 913 Regales
261 869 354 902 inter
369 880 506 903 mensas
523 869 731 912 laticemque
749 868 901 911 Lyaeum,

99 915 215 956 Quum
232 915 330 949 dabit
347 915 530 960 amplexus
547 919 652 958 atque
670 913 787 947 oscula
804 913 922 947 dulcia
938 913 1032 957 figet,

98 961 285 995 Occultum
302 962 448 1005 inspires
465 961 593 1005 ignem,
610 960 781 1003 fallasque
798 959 964 993 veneno.”

97 1007 202 1041 Paret
219 1007 326 1041 Amor
343 1007 446 1041 dictis
464 1018 551 1041 carae
569 1006 763 1050 genetricis,
781 1009 816 1039 et
833 1005 906 1039 alas

97 1053 218 1096 Exuit,
236 1058 271 1087 et
287 1065 406 1097 gressu
423 1053 578 1097 gaudens
596 1052 728 1085 incedit
746 1051 825 1084 Iuli.
1151 1051 1218 1085 690

97 1100 145 1132 At
163 1100 281 1132 Venus
298 1099 446 1133 Ascanio
463 1099 638 1143 placidam
655 1109 716 1142 per
732 1097 886 1130 membra
903 1097 1056 1141 quietem

97 1145 236 1188 Irrigat,
254 1149 289 1178 et
305 1145 419 1179 fotum
436 1145 566 1189 gremio
585 1144 649 1177 dea
665 1143 759 1177 tollit
775 1143 812 1175 in
829 1143 918 1176 altos

98 1191 217 1224 Idaliae
235 1191 341 1235 lucos,
359 1191 419 1224 ubi
435 1191 548 1224 mollis
566 1200 744 1223 amaracus
761 1188 863 1221 illum

96 1237 255 1270 Floribus
273 1241 308 1270 et
326 1237 419 1270 dulci
437 1237 593 1281 aspirans
610 1235 853 1279 complectitur
869 1234 1001 1268 umbra.

96 1283 250 1326 Jamque
266 1283 341 1317 ibat
358 1284 451 1317 dicto
469 1294 604 1327 parens,
622 1286 657 1315 et
674 1281 765 1314 dona
782 1280 915 1325 Cupido

98 1329 207 1372 Regia
224 1329 386 1373 portabat
404 1329 525 1373 Tyriis,
544 1329 631 1361 duce
648 1328 750 1361 laetus
767 1327 911 1360 Achate.

144 1376 260 1416 Quum
279 1376 386 1419 venit,
403 1375 524 1408 aulaeis
536 1376 612 1418 jam
629 1385 663 1407 se
680 1373 802 1416 regina
818 1372 974 1416 superbis

97 1421 214 1455 Aurea
231 1422 424 1466 composuit
442 1421 583 1466 sponda,
600 1420 820 1463 mediamque
837 1418 964 1452 locavit
978 1429 985 1451 :

97 1467 122 1500 J
124 1479 181 1501 am
198 1471 298 1512 pater
314 1468 451 1510 AEneas,
470 1471 505 1500 et
517 1468 592 1511 jam
610 1467 758 1509 Trojana
770 1466 940 1509 juventus

98 1513 328 1556 Conveniunt,
345 1517 522 1557 stratoque
540 1524 642 1556 super
659 1509 890 1544 discumbitur
907 1514 1006 1544 ostro.
1150 1510 1216 1544 700

96 1559 193 1593 Dant
210 1560 335 1593 famuli
352 1559 514 1593 manibus
531 1558 702 1602 lymphas,
721 1557 945 1599 Cereremque
963 1556 1123 1590 canistris

97 1605 311 1649 Expedjunt,
325 1606 502 1650 tonsisque
517 1605 637 1637 ferunt
653 1603 822 1637 mantelia
841 1602 938 1636 villis.

97 1651 362 1695 Quinquaginta
379 1652 474 1685 intus
491 1650 643 1693 famulae,
663 1649 788 1692 quibus
805 1648 924 1682 ordine
940 1647 1043 1691 longo

97 1697 187 1731 Cura
205 1709 334 1742 penum
352 1702 493 1740 struere,
511 1701 546 1731 et
562 1696 711 1730 flammis
728 1694 864 1729 adolere
880 1698 1023 1739 penates
1037 1706 1046 1735 ς
