1320 1932
434 71 652 105 AENEIDOS
677 71 765 104 LIB.
783 70 845 104 IX.
1132 71 1201 105 273

88 139 212 183 Immo,
227 138 287 173 ubi
304 139 479 172 defunctae
496 139 601 171 finem
618 142 807 182 portusque
824 138 995 172 tenebunt

83 185 254 218 Ausonios
272 185 364 227 olim,
382 195 608 228 quaecumque
625 185 772 217 evaserit
788 184 891 217 undis

83 231 369 273 Dardaniumque
386 231 509 262 ducem
526 229 715 262 Laurentia
732 230 867 262 vexerit
884 241 976 272 arva,
1114 266 1122 273 ¹
1133 231 1200 264 100

82 275 268 309 Mortalem
284 276 429 319 eripiam
446 275 601 317 formam,
618 275 805 327 magnique
817 274 946 317 jubebo

82 321 242 365 AEquoris
259 332 330 354 esse
348 321 449 354 deas:
476 321 588 364 qualis
605 320 732 353 Nere1a
749 321 838 353 Doto

68 365 128 401 .Et
145 366 290 399 Galatea
306 370 424 399 secant
441 370 661 410 spumantem
678 370 815 409 pectore
832 364 1007 409 pontumff’

81 411 247 445 Dixerat:
273 412 376 455 idque
392 416 509 444 ratum
526 411 640 455 Stygii
656 423 717 455 per
733 411 879 444 flumina
895 411 1022 455 fratris,

80 457 147 491 Per
162 457 239 501 pice
256 461 424 490 torrentes
441 462 586 501 atraque
603 457 766 500 voragine
783 457 876 500 ripas

80 502 225 546 Annuit,
243 507 278 535 et
295 507 410 535 totum
426 506 517 535 nutu
534 503 728 535 tremefecit
746 502 942 546 Olympum.

125 549 216 591 Ergo
233 548 353 581 aderat
371 548 538 591 promissa
555 548 637 590 dies,
654 552 689 580 et
706 552 862 591 tempora
879 548 997 581 Parcae

79 593 206 627 Debita
223 594 437 637 complerant
455 606 463 633 ;
487 604 596 636 quum
613 593 722 625 Turni
738 593 868 637 injuria
884 593 1033 626 Matrem

79 639 282 681 Admonuit,
298 639 431 672 ratibus
449 639 552 671 sacris
570 639 740 682 depellere
757 639 873 672 taedas.

79 685 148 717 Hic
165 685 316 728 primum
332 695 422 717 nova
438 684 501 716 lux
518 684 626 717 oculis
643 684 782 727 offulsit,
800 689 835 717 et
851 685 974 728 ingens
1130 687 1191 719 110

80 730 183 762 Visus
199 730 243 763 ab
260 730 393 762 Aurora
410 729 535 762 coelum
552 734 784 762 transcurrere
800 729 948 772 nimbus,

79 775 231 819 Idaeique
248 775 365 807 011011;
391 780 467 808 tum
484 786 550 808 vox
568 775 738 807 horrenda
754 786 816 818 per
831 787 932 808 auras

78 821 230 863 Excidit,
248 826 283 853 et
300 821 427 853 Troum
444 820 723 863 Rutulorumque
740 820 880 863 agmina
897 821 1068 865 complet:

79 864 161 896 “Ne
179 865 349 908 trepidate
365 875 467 906 meaS,
486 864 617 905 Teucri,
635 863 817 896 defendere
835 875 965 902 naves3

78 908 173 942 Neve
189 913 322 942 armate
338 919 486 942 manus:
511 909 621 941 maria
637 912 719 941 ante
735 920 878 943 exurere
896 909 1011 943 Turno

79 953 191 995 Quam
207 965 320 987 sacras
337 953 478 987 dabitur
495 954 607 998 pinus.
657 954 725 987 Vos
741 955 790 987 ite
807 955 938 998 solutae,

77 999 141 1042 Ite,
159 1000 232 1032 deae
249 999 387 1043 pelagi,
380 1012 386 1018 ·
411 999 571 1043 genetrix
584 999 696 1043 jubet
700 999 719 1014 ''
767 1002 814 1034 Et
831 1011 893 1034 sua
910 1012 1055 1045 quaeque

77 1045 248 1078 Continuo
264 1057 398 1089 puppes
415 1045 630 1089 abrumpunt
649 1046 790 1079 vincula
805 1046 899 1090 ripis,

75 1091 357 1135 Delphinumque
372 1091 473 1124 modo
490 1091 651 1124 demersis
668 1102 805 1135 aequora
820 1092 939 1125 rostris

77 1136 153 1169 Ima
169 1140 304 1188 petunt.
353 1136 446 1169 Hinc
463 1137 635 1180 virgineae,
653 1137 810 1170 mirabile
827 1142 1029 1180 monstrum,
1127 1142 1190 1172 120

75 1181 185 1226 [Quot
201 1182 296 1225 prius
313 1186 427 1215 aeratae
445 1186 613 1215 steterant
629 1182 674 1215 ad
690 1183 793 1216 litora
809 1195 928 1227 prorae,
931 1182 945 1227 ]

77 1227 243 1260 Reddunt
260 1238 294 1260 se
310 1227 456 1260 totidem
465 1227 580 1270 facies,
597 1231 771 1271 pontoque
788 1229 958 1262 feruntur.

123 1272 338 1316 Obstupuere
354 1273 479 1306 animis
497 1254 643 1313 RutiJJi;
668 1274 876 1306 conterritus
893 1275 967 1326 ipse

76 1317 237 1351 Turbatis
254 1318 434 1362 Messapus
451 1318 572 1362 equis;
597 1322 783 1352 cunctatur
799 1323 834 1352 et
850 1320 961 1352 amnis

77 1364 197 1397 Rauca
213 1375 345 1406 sonans,
361 1368 566 1407 revocatque
582 1364 704 1407 pedem
721 1364 901 1398 Tiberinus
918 1365 961 1398 ab
977 1365 1057 1399 alto.

75 1409 124 1442 At
139 1420 209 1442 non
225 1390 350 1442 audaci
366 1409 468 1442 cessit
484 1409 611 1443 fiducia
628 1409 765 1451 Turn03

76 1454 176 1487 Ultro
193 1455 325 1487 animos
342 1455 436 1488 tollit
452 1455 562 1498 dictis,
580 1459 686 1499 atque
701 1455 858 1499 increpat
874 1456 986 1489 ultro:

75 1503 94 1520 “
104 1501 181 1543 Troj
184 1510 268 1533 anos
285 1499 359 1532 haec
375 1503 530 1532 monstra
547 1503 701 1543 petunt3
725 1500 779 1532 his
796 1500 940 1550 Jupiter
956 1501 1031 1544 ipse

75 1545 259 1579 Auxilium
276 1545 417 1578 solitum
434 1544 583 1588 eripuit3
608 1555 677 1576 non
693 1543 773 1596 tela,
789 1554 854 1576 nec
869 1543 967 1587 ignes

75 1591 290 1635 Exspectant
309 1590 466 1623 Rutulos.
514 1590 605 1633 Ergo
621 1589 731 1622 maria
746 1589 842 1622 invia
859 1589 1008 1632 Teucris,
1123 1590 1190 1624 130

11 1672 15 1676 ,
76 1636 149 1669 Nec
166 1647 241 1680 spes
257 1635 332 1668 ulla
347 1636 465 1679 fug¹e3
489 1647 605 1668 rerum
621 1646 700 1678 pars
717 1635 826 1668 altera
842 1635 981 1668 ademta
997 1638 1057 1668 est.

77 1681 181 1715 Terra
197 1684 315 1714 autem
331 1681 369 1714 in
385 1681 511 1714 nostris
527 1681 710 1713 manibus:
734 1684 788 1713 tot
804 1680 923 1719 millia,
940 1684 1060 1723 gentes

78 1727 186 1760 Arma
201 1727 319 1760 ferunt
337 1726 444 1760 Italae.
492 1726 553 1759 Nil
568 1737 624 1759 me
639 1725 762 1759 fatalia
779 1728 922 1765 terrent,

629 1782 649 1804 r
