1345 1927
79 33 144 65 126
400 30 438 66 P.
465 31 669 66 VIRGILII
696 31 909 66 MARONIS

77 99 126 132 Ut
143 97 285 132 tandem
303 101 384 132 ante
402 98 517 132 oculos
534 99 644 133 evasit
661 103 696 133 et
713 110 772 133 ora
789 103 984 143 parentum,

77 144 246 186 Concidit,
263 155 304 178 ac
320 144 431 178 multo
453 144 563 178 vitam
580 156 659 178 cum
678 146 846 189 sanguine
863 145 965 179 fudit.

78 190 147 223 Hic
165 190 333 232 Priamus,
352 201 551 234 quanquam
568 190 605 223 in
622 191 737 224 media
749 192 823 234 jam
840 195 951 224 morte
969 194 1116 234 tenetur,

76 235 155 269 Non
173 240 291 269 tamen
307 235 489 278 abstinuit,
506 247 569 269 nec
587 236 663 270 voci
681 236 808 280 iraeque
825 237 989 280 pepercit.

0 284 91 318 ...Δ
106 283 154 315 At
170 280 235 314 tibi
252 292 313 325 pro
331 280 475 322 scelere,'
494 279 677 322 exclamat,
695 281 703 297 ‘
740 291 777 313 ro
796 281 924 315 talibus
940 281 1043 324 ausis,

76 325 132 368 Di,
151 327 179 358 si
196 336 265 369 qua
282 327 333 358 est
350 324 435 358 coelo
453 324 573 368 pietas,
591 335 667 368 quae
685 328 700 358 t
737 326 771 358 ia
788 329 895 367 curet,

77 370 280 405 Persolvant
296 373 411 414 grates
429 370 562 414 dignas,
580 374 615 403 ct
632 370 775 414 praemia
791 370 940 404 reddant

75 416 212 458 Debita,
231 416 291 460 qui
309 416 384 449 nati
401 427 516 449 coram
532 427 587 448 me
604 427 741 449 cernere
758 416 869 450 letum

78 462 216 504 Fecisti,
233 466 269 495 et
286 461 415 506 patrios
432 461 570 495 foedasti
586 461 708 495 funere
726 461 854 495 vultus.

76 509 125 541 At
141 519 212 541 non
229 507 298 550 ille,
317 510 433 540 satum
450 518 518 550 quo
536 511 570 540 te
587 507 755 550 mentiris,
773 507 926 541 Achilles
1129 509 1196 541 540

76 553 169 587 Talis
187 554 223 586 in
240 553 339 586 hoste
355 553 426 586 fuit
443 552 581 586 Priamo
596 565 604 593 ;
629 553 689 586 sed
701 554 784 596 jura
800 553 974 597 fidemque

77 598 253 643 Supplicis
270 598 419 641 erubuit,
437 609 629 642 corpusque
646 609 823 642 exsangue
841 599 997 642 sepulcro

78 644 244 677 Reddidit
262 644 483 687 Hectoreum,
501 655 624 688 meque
641 644 678 677 in
694 655 771 677 mea
787 655 895 688 regna
911 644 1065 679 remisit.'

76 690 132 724 Sic
150 691 244 723 fatus
262 690 383 733 senior,
403 690 586 734 telumque,
599 689 738 723 imbelle
755 690 829 724 sine
846 690 921 723 ictu

76 736 230 779 Conjecit
240 749 248 777 ;
272 747 376 769 rauco
394 735 485 780 quod
502 735 661 780 protinus
678 746 744 769 aere
760 736 948 780 repulsum,

75 781 122 815 Et
139 793 272 815 summo
289 782 392 826 clipei
409 781 647 825 nequidquam
663 781 812 815 umbone
829 781 1005 825 pependit.

76 828 140 860 Cui
158 827 312 871 Pyrrhus
327 839 333 861 :
358 829 367 845 ‘
379 828 518 861 Referes
535 838 617 871 ergo
634 827 717 867 haee,
736 831 771 860 et
787 828 936 862 nuncius
953 827 1018 860 ibis

76 873 204 906 Pelidae
221 872 371 917 genitori
386 885 392 906 :
417 872 471 905 flli
487 883 564 905 mea
581 872 696 906 tristia
712 872 808 906 facta

75 919 356 963 Degeneremque
373 918 639 962 Neoptolemum
656 929 795 951 narrare
812 921 995 952 memento.

74 964 178 998 Nunc
196 962 348 996 morere?
376 961 452 995 Hoc
470 961 598 1001 dicens,
612 962 738 996 altaria
754 961 799 996 ad
816 962 891 1007 ipsa
909 966 1114 997 trementem
1131 964 1198 997 550

76 1006 199 1039 Traxit
216 1009 250 1039 et
267 1005 304 1038 in
321 1004 432 1038 multo
449 1004 643 1048 lapsantem
661 1005 830 1048 sanguine
847 1006 932 1048 nati,

77 1051 324 1095 Implicuitque
341 1061 474 1084 comam
492 1050 589 1093 loeva,
607 1050 799 1094 dextraque
816 1062 997 1085 coruscum

75 1097 216 1130 Extulit
232 1108 273 1130 ac
290 1096 391 1130 lateri
409 1096 533 1140 capulo
549 1099 651 1129 tenus
668 1096 804 1130 abdidit
820 1107 946 1131 ensem.

76 1143 162 1177 Haec
179 1143 258 1176 finis
275 1142 405 1175 Priami
422 1141 575 1175 fatorum
590 1154 598 1182 ;
623 1141 680 1175 hic
697 1141 813 1175 exitus
831 1142 932 1175 illum

75 1188 173 1222 Sorte
190 1188 285 1231 tulit,
302 1188 440 1231 Trojam
457 1187 633 1220 incensam
651 1191 685 1220 et
702 1187 863 1232 prolapsa
879 1188 1056 1222 videntem

76 1234 255 1278 Pergama,
272 1237 325 1267 tot
342 1233 517 1276 quondam
534 1233 672 1277 populis
689 1233 859 1277 terrisque
875 1234 1062 1278 superbum

76 1280 308 1324 Regnatorem
326 1279 426 1312 Asiae.
476 1279 500 1312 J
503 1283 580 1312 acet
597 1279 719 1322 ingens
736 1279 837 1312 litore
854 1283 1010 1323 truncus,

77 1326 316 1369 Avulsumque
333 1324 486 1357 humeris
503 1328 619 1368 caput,
638 1329 673 1358 et
691 1325 763 1358 sine
780 1326 919 1359 nomine
936 1337 1060 1370 corpus

121 1373 140 1390 “
152 1373 199 1405 At
215 1383 271 1405 me
287 1374 365 1405 tum
382 1371 535 1415 primum
552 1382 662 1404 saevus
680 1371 910 1406 circumstetit
925 1372 1044 1406 horror
1060 1384 1066 1405 :

74 1416 249 1461 Obstupui
263 1429 271 1457 ς
297 1416 404 1450 subiit
421 1417 491 1450 cari
508 1417 674 1460 genitoris
692 1416 817 1460 imago,
1127 1419 1194 1451 560

74 1463 122 1497 Ut
138 1474 255 1507 regem
273 1473 465 1506 aequaevum
482 1462 615 1495 crudeli
632 1462 776 1496 vulnere
792 1463 867 1496 vidi

74 1509 193 1542 Vitam
210 1508 453 1549 exhalantem3
479 1507 585 1541 subiit
603 1507 737 1542 deserta
755 1508 892 1552 Cresisa,

73 1554 118 1588 Et
136 1555 272 1598 direpta
289 1554 421 1596 domim,
438 1557 473 1587 et
490 1554 589 1597 parvi
606 1565 704 1588 casus
723 1554 802 1587 Iuli.

74 1600 241 1644 Respicio,
259 1603 295 1633 et
312 1610 389 1643 quae
407 1599 452 1632 sit
468 1610 524 1632 me
541 1600 671 1633 circum
689 1599 787 1644 copia
804 1599 923 1635 lustro.

72 1645 260 1679 Deseruere
278 1656 394 1679 omnes
412 1645 536 1678 defessi
551 1657 559 1686 ;
584 1649 618 1678 et
636 1657 776 1689 corpora
793 1646 885 1679 saltu

72 1691 128 1725 Ad
146 1695 273 1726 terram
290 1691 412 1725 misere
428 1694 491 1725 aut
508 1691 648 1735 ignibus
667 1702 758 1735 aegra
774 1691 905 1726 dedere..
