1345 1927
134 65 202 96 206
445 63 483 99 P.
501 64 704 99 VIRGILII
730 65 899 100 MARON
903 65 944 100 IS

134 130 291 164 Discolor
307 130 399 164 unde
416 131 492 164 auri
511 143 570 175 per
587 143 698 165 ramos
716 143 801 165 aura
818 132 964 166 refulsit.

135 175 245 216 Quale
262 176 348 210 solet
365 176 460 210 silvis
477 177 625 210 brumali
642 177 770 221 frigore
787 178 919 210 viscum

133 221 269 255 Fronde
286 222 395 255 virere
412 233 510 265 nova,
528 223 619 267 quod
636 234 705 256 non
723 234 785 256 sua
802 223 950 256 seminat
966 223 1074 268 arbos,

133 266 180 300 Et
197 278 314 300 croceo
330 268 405 300 fetu
423 272 548 301 teretes
566 269 780 301 circumdare
797 273 937 302 truncos
951 281 958 302 :

133 312 226 346 Talis
243 317 317 346 erat
334 313 462 358 species
479 314 557 347 auri
573 314 766 347 frondentis
783 325 891 358 opaca

133 357 218 392 Ilice
234 371 241 399 ;
266 359 315 392 sic
332 358 402 392 leni
419 359 611 403 crepitabat
627 359 767 392 bractea
784 365 896 393 vento.

133 403 282 448 Corripit
299 405 425 438 AEneas
442 405 626 449 extemplo,
645 405 835 449 avidusque
851 406 1013 449 refringit

133 449 374 493 Cunctantem,
392 454 428 483 et
443 451 534 484 vatis
551 455 668 493 portat
685 451 748 484 sub
766 455 858 484 tecta
875 451 1025 494 Sibyllae.

178 495 211 527 N
213 506 251 528 ec
266 496 381 528 minus
397 496 531 529 interea
548 495 722 529 Misenum
741 497 777 529 in
795 497 894 530 litore
912 497 1036 530 Teucri

131 539 290 582 Flebant,
308 545 343 574 et
360 541 467 574 cineri
485 541 622 583 ingrato
639 552 799 585 suprema
814 541 982 576 ferebant.

131 585 308 630 Principio
325 586 492 630 pinguem
509 587 610 619 taedis
628 591 662 620 et
678 587 797 620 robore
814 592 905 621 secto

132 631 319 675 Ingentem
337 636 494 665 struxere
511 644 630 676 pyram
649 644 656 666 τ
681 632 738 665 cui
755 632 934 666 frondibus
950 633 1036 667 atris

132 676 305 711 Intexunt
322 677 442 720 latera,
460 682 495 711 et
511 678 635 711 ferales
652 682 735 711 ante
752 689 928 722 cupressos

131 722 368 766 Constituunt,
387 723 618 767 decorantque
643 735 746 768 super
762 724 979 768 fulgentibus
996 724 1110 759 armis.

131 767 216 802 Pars
233 769 362 802 calidos
379 769 499 803 latices
516 773 551 802 et
568 769 681 803 ahena
697 769 869 804 undantia
885 769 1033 804 fiammis

129 813 344 858 Expediunt,
363 826 555 859 corpusque
570 815 692 848 lavant
708 816 870 859 frigentis
887 820 922 850 et
938 820 1125 860 unguunt:

130 859 189 893 Fit
206 861 365 904 gemitus.
415 861 504 894 Tum
520 861 676 894 membra
693 865 767 894 toro
785 861 911 895 defleta
926 866 1110 906 reponunt,

130 904 397 950 Purpureasque
414 917 516 950 super
533 912 653 949 vestes,
671 906 845 940 velamina
860 912 953 951 nota,

131 951 350 995 Oonjiciunt:
375 963 454 996 pars
470 952 606 996 ingenti
624 952 757 986 subiere
774 953 910 996 feretro,

129 996 241 1030 Triste
257 997 488 1031 ministerium
505 1010 513 1039 ;
538 1003 574 1031 et
591 997 781 1042 subjectam
798 1010 892 1032 more
908 1003 1094 1042 parentum

128 1042 251 1076 Aversi
267 1047 410 1077 tenuere
425 1044 546 1077 facem.
594 1044 765 1087 Congesta
781 1049 980 1078 cremantur

129 1087 268 1122 Thurea
284 1088 384 1131 dona,
402 1089 516 1133 dapes,
532 1089 610 1123 fuso
628 1094 776 1123 crateres
793 1090 893 1124 olivo.

129 1132 318 1178 Postquam
336 1134 479 1179 collapsi
496 1135 637 1178 cineres,
655 1139 691 1168 et
707 1135 848 1168 flamma
865 1136 1010 1180 quievit,

129 1178 307 1223 Reliquias
324 1181 405 1213 vino
423 1185 458 1213 et
474 1180 630 1214 bibulam
647 1181 761 1214 lavere
778 1181 936 1215 favillam
949 1194 958 1222 ;

130 1224 282 1269 Ossaque
299 1225 390 1259 lecta
407 1226 492 1259 cado
509 1226 601 1259 texit
618 1226 802 1270 Corynaeus
820 1226 939 1261 aheno.

129 1270 228 1304 Idem
245 1275 299 1304 ter
316 1272 421 1305 socios
438 1283 526 1315 pura
543 1272 760 1305 circumtulit
777 1272 881 1316 unda,

129 1315 302 1360 Spargens
318 1329 393 1351 rore
409 1317 478 1351 levi
495 1322 530 1351 et
546 1329 642 1351 ramo
658 1318 769 1351 felicis
786 1318 897 1362 olivae,

128 1361 377 1407 Lustravitque
393 1364 493 1406 viros,
511 1363 672 1408 dixitque
689 1363 876 1398 novissima
892 1363 1006 1398 verba..

127 1408 176 1441 At
193 1408 271 1452 pius
289 1409 415 1442 AEneas
432 1409 569 1453 ingenti
584 1409 674 1442 mole
691 1409 889 1453 sepulcrum

128 1452 292 1497 Imponit,
311 1466 443 1498 suaque
459 1467 556 1489 arma
573 1456 656 1498 viro,
672 1466 876 1499 remumque
892 1455 1092 1500 tubamque,

127 1498 249 1533 Monte
266 1500 329 1533 sub
345 1501 439 1535 aerio
454 1513 462 1541 ;
487 1501 549 1545 qui
565 1512 660 1534 nunc
677 1500 832 1534 Misenus
848 1501 892 1535 ab
908 1501 969 1535 illo

126 1544 275 1589 Dicitur,
293 1549 531 1591 aeternumque
547 1551 644 1580 tenet
661 1558 722 1591 per
739 1546 864 1580 saecula
881 1558 1015 1581 nomen.

174 1591 239 1624 His
255 1591 343 1625 actis
359 1603 502 1636 propere
519 1593 722 1637 exsequitur
737 1596 911 1637 praecepta
927 1592 1077 1637 Sibyllae.

127 1635 300 1680 Spelunca
316 1637 389 1671 alta
404 1638 484 1680 fuit,
502 1642 669 1682 vastoque
685 1638 848 1671 immanis
863 1638 974 1680 hiatu,

126 1680 288 1726 Scrupea,
305 1686 385 1717 tuta
400 1683 480 1717 lacu
496 1684 596 1728 nigro
613 1695 861 1728 nemorumque
877 1683 1028 1717 tenebris
1044 1695 1051 1717 :

127 1726 240 1768 Quam
257 1739 360 1773 super
375 1728 470 1763 haud
487 1729 569 1763 ullae
585 1732 747 1774 poterant
763 1729 906 1774 impune
921 1729 1078 1763 volantes

1183 408 1250 440 210

1181 864 1249 896 220

1178 1321 1247 1354 230
