1320 1932
284 160 326 196 P.
348 156 620 212 VIRGILII
664 153 946 190 MARONIS

195 288 1038 351 AENEIDOS

353 438 519 472 LIBER
549 436 882 472 UNDECIMUS.

69 609 247 643 OCEANUM
264 609 397 643 interea
413 621 555 653 surgens
571 609 705 643 Aurora
719 609 870 654 reliquit.

66 655 203 696 AEneaS,
221 666 432 699 quamquam
448 661 483 688 et
500 655 598 688 sociis
615 655 696 688 dare
713 659 850 699 tempus
867 654 1054 688 humandis

69 700 295 744 Praecipitant
311 712 411 742 curae,
429 700 638 744 turbataque
654 701 776 733 funere
791 712 889 734 mens
906 706 969 745 est,

69 745 161 778 Vota
177 746 280 778 deum
296 746 406 789 primo
422 746 532 779 victor
548 745 701 778 solvebat
717 745 797 780 Eoo.

69 791 253 834 Ingentem
270 802 434 834 quercum
451 791 573 823 decisis
589 791 744 834 undique
759 791 864 824 rami·

70 836 259 869 Constituit
275 836 420 878 tumulo,
437 836 676 879 fulgentiaque
692 836 809 869 induit
825 847 931 879 arma,

69 881 221 914 Mezenti
239 881 336 913 ducis
352 881 519 921 exuvias;
544 881 618 924 tibi,
635 893 770 932 magne,
788 885 967 925 tropaeum,

70 926 303 970 Bellipotens:
329 930 439 978 aptat
445 930 599 959 rorantes
616 927 786 969 sanguine
803 927 933 969 cristas,

70 971 220 1015 Telaque
236 975 360 1004 trunca
376 972 452 1014 viri,
469 976 504 1004 et
519 971 571 1004 bis
589 983 648 1004 sex
665 972 807 1005 thoraca
822 972 973 1015 petitum

71 1016 335 1060 Perfossumque
351 1017 457 1049 locis·
450 1043 456 1050 .
482 1017 700 1060 clipeumque
717 1029 760 1050 ex
778 1028 842 1050 aere
860 1018 1006 1051 sinistrae
1140 1020 1184 1051 10

72 1062 241 1104 Subligat,
259 1066 363 1105 atque
380 1073 495 1095 ensem
512 1062 598 1095 collo
615 1062 795 1106 suspendit
811 1062 990 1096 eburnum.

72 1107 161 1140 Tum
178 1107 292 1149 socios,
309 1118 459 1150 namque
476 1107 586 1140 omnis
603 1119 683 1140 eum
700 1108 829 1151 stipata
844 1108 985 1151 tegebat

72 1152 188 1185 'I'urba
206 1152 345 1195 ducum,
362 1152 410 1185 sic
426 1152 595 1195 incipiens
611 1152 772 1186 hortatur
788 1158 930 1186 ovantes
946 1164 954 1186 ε

75 1201 92 1214 “
104 1197 266 1230 Maxima
282 1208 333 1229 res
350 1198 480 1240 effecta,
498 1198 563 1231 viri
577 1211 586 1238 ;
610 1198 716 1230 timor
731 1198 842 1230 omnis
859 1198 986 1240 abesto,

73 1240 172 1281 Quod
190 1244 344 1284 superest
358 1253 366 1280 ;
390 1240 465 1273 haec
482 1244 564 1273 sunt
580 1240 698 1284 spolia,
715 1243 751 1273 et
768 1240 811 1273 de
826 1251 906 1283 rege
923 1241 1069 1284 superbo

73 1285 240 1319 Primitiae
254 1297 263 1326 3
286 1285 514 1328 manibusque
529 1285 614 1318 meis
631 1284 825 1318 Mezentius
842 1285 899 1318 hic
917 1290 977 1319 est.

72 1331 106 1364 N
110 1342 175 1364 unc
191 1331 258 1363 iter
274 1331 318 1363 ad
334 1342 451 1373 regem
467 1330 565 1363 nobis
581 1341 764 1373 murosque
781 1330 931 1363 Latinos.

72 1376 180 1409 Arma
197 1379 316 1420 parate
333 1376 468 1418 animis,
485 1379 520 1408 et
537 1386 595 1419 spe
611 1375 809 1418 praesumite
824 1375 965 1418 bellum,

73 1421 127 1454 Ne
144 1432 212 1464 qua
227 1432 323 1454 mora
338 1421 486 1464 ignaros,
501 1420 562 1453 ubi
578 1421 730 1464 primum
746 1420 871 1453 vellere
888 1420 988 1463 signa.

73 1466 272 1499 Annuerint
289 1466 404 1509 superi
420 1465 615 1509 pubemque
631 1465 774 1498 educere
791 1465 921 1508 castris,
1140 1468 1185 1500 20

75 1511 261 1555 Impediat,
279 1511 434 1554 segnisve
449 1515 548 1543 metu
564 1511 736 1543 sententia
751 1510 876 1544 tardet.

75 1556 214 1589 Interea
230 1556 335 1589 socios
351 1556 601 1598 inhumataque
617 1566 757 1599 corpora
772 1559 872 1588 terrae

76 1601 282 1634 Mandemus
298 1613 305 1634 ε
330 1601 391 1644 qui
408 1601 498 1633 solus
514 1601 621 1633 honos
636 1600 831 1633 Acheronte
848 1600 911 1633 sub
927 1601 996 1633 imo
1014 1603 1080 1635 est.

79 1646 162 1688 Ite‚'’
180 1646 231 1679 ait
245 1658 253 1687 ;
278 1646 463 1689 “egregias
480 1646 621 1688 animas,
640 1657 716 1689 quae
733 1646 902 1689 sanguine
919 1646 1018 1679 nobis

80 1691 182 1725 Hanc
203 1691 352 1736 patriam
369 1702 528 1735 peperere
546 1702 617 1734 suo,
634 1691 791 1724 decorate
809 1692 976 1736 supremis
