1320 1932
345 88 564 122 AENEIDOS
589 87 675 122 LIB.
702 88 806 122 VIII.
1069 89 1134 120 251

25 154 245 200 Supplicibus
263 166 386 199 supera
402 155 500 188 votis.
549 155 639 188 Mihi
656 155 765 188 victor
781 155 945 187 honorem

26 201 209 234 Persolves.
258 200 331 243 Ego
349 212 434 242 sum,
452 200 554 244 pleno
571 212 674 243 quem
690 200 834 232 flumine
851 201 961 232 cernis

25 245 259 288 Stringentem
275 246 378 289 ripas,
396 227 434 278 et7
447 246 530 289 pin„
512 246 593 278 ruia
610 246 705 278 culta
723 249 907 288 secantem,

25 291 198 324 Caeruleus
215 290 371 333 Thybris,
389 290 474 323 coelo
491 291 709 333 gratissimus
727 292 846 324 amnis.

25 335 94 369 Hic
110 335 197 368 mihi
213 347 341 378 magna
358 336 488 377 domus,
507 336 604 368 celsis
622 339 728 379 caput
744 335 899 375 urbibus,
917 331 1020 369 exitff'

70 381 180 423 Dixit,
198 381 322 413 deinde
339 381 418 414 lacu
435 381 580 413 Fluvius
598 392 632 413 se
649 381 805 414 condidit
821 381 902 422 aJto,

26 426 102 460 Ima
118 407 248 469 pet'ens.
296 426 376 459 Nox
392 426 528 458 AEnean
545 437 753 469 somnusque
769 426 935 469 reliquit:

26 471 155 514 Surgit,
172 475 207 504 et
224 471 358 504 aetherii
376 475 535 514 spectans
552 471 698 504 orientia
715 471 803 504 Solis

26 516 184 558 Lumina,
200 516 268 549 rite
284 516 377 549 cavis
394 516 524 549 undam
542 517 584 549 de
600 516 744 549 flumine
761 516 886 560 palmis

28 561 187 603 Sustulit,
205 572 245 594 ac
261 561 348 594 tales
365 561 514 594 effundit
530 562 575 594 ad
593 562 722 595 aethera
738 573 857 595 voces:
1097 562 1140 594 70

27 606 46 623 “
59 606 92 638 N
92 606 240 650 ymphae
257 606 445 638 Laurentes
461 606 644 648 Nymphae,
661 617 771 648 genus
791 605 951 639 amnibus
968 606 1061 639 unde
1080 614 1141 646 est,

28 652 158 696 Tuque,
174 663 194 684 0
211 651 341 694 Thybri
358 655 418 684 tuo
434 651 570 693 genitor
587 662 666 684 cum
682 650 826 683 flumine
843 655 972 692 sancto,

29 697 187 740 Accipite
204 696 350 737 AEnean,
368 700 403 728 et
419 696 561 729 tandem
579 700 692 729 arcete
709 695 855 739 periclis.

32 742 108 782 Quo
123 746 160 775 te
177 752 326 784 cumque
342 723 447 783 lacus,
464 741 685 774 miserantem
701 741 918 774 incommoda
935 743 1062 781 nostra,

31 787 141 820 Fonte
157 790 263 829 tenet,
281 797 497 829 quocumque
514 786 584 819 solo
601 785 853 829 pulcherrimus
870 786 967 826 8313;

32 832 173 875 Semper
188 831 316 864 honore
331 842 417 874 meo,
435 842 568 874 semper
585 831 798 864 celebrabere
815 831 923 873 donis,

33 878 196 920 Corniger
212 857 444 920 Hesperiduin
459 876 586 909 fluvius
603 880 765 928 regnator
781 887 971 919 aquarum:

32 922 134 955 Adsis
150 933 169 955 0
186 925 335 964 tantum,
353 926 387 954 et
403 922 546 965 propius
562 926 625 955 tua
641 922 787 955 numina
803 921 945 955 firmes?

33 967 89 1001 Sic
105 971 282 1009 memorat,
299 967 522 1011 geminasque
538 967 625 1010 legit
642 967 684 1000 de
701 967 808 1000 classe
823 967 980 1010 biremes,

35 1013 260 1056 Remigioque
277 1016 376 1056 aptat
391 1025 399 1053 3
424 1013 530 1045 socios
547 1013 650 1046 simul
667 1013 810 1046 instruit
827 1013 938 1046 armis.
1102 1013 1146 1044 80

80 1058 168 1091 Ecce
184 1062 302 1091 autem
319 1057 473 1090 subitum
490 1062 596 1101 atque
613 1058 720 1091 oculis
736 1058 893 1091 mirabile
909 1061 1111 1100 monstrum,

36 1103 192 1137 Candida
206 1115 268 1147 per
285 1103 407 1136 silvam
424 1114 502 1136 cum
519 1103 595 1136 fetu
611 1104 768 1137 concolor
784 1103 862 1137 albo

36 1149 236 1191 Procubuit,
254 1148 427 1191 viridique
443 1149 481 1181 in
497 1149 598 1182 litore
614 1149 825 1193 conspicitur
842 1160 899 1182 sus
913 1161 920 1182 :

38 1194 150 1235 Quam
165 1194 244 1237 pius
261 1194 387 1227 AEneas
405 1194 471 1227 tibi
487 1194 589 1236 enim,
607 1194 682 1237 tibi,
699 1194 853 1227 maxima
870 1195 976 1236 June,

37 1239 183 1281 Mactat,
200 1250 296 1272 sacra
310 1239 433 1281 serem,
451 1243 486 1272 et
503 1250 584 1272 cum
599 1250 703 1282 grege
720 1240 811 1272 sistit
829 1240 874 1272 ad
891 1251 996 1272 aram.

38 1284 186 1328 Thybris
203 1295 243 1317 83,
258 1284 416 1326 fiuvium,
434 1295 539 1327 quam
555 1284 659 1327 longa
676 1288 738 1327 est,
754 1288 855 1317 nocte
871 1288 1066 1318 tumentem

40 1330 165 1372 Leniit,
183 1334 218 1363 et
235 1330 345 1362 tacita
361 1330 509 1362 refluens
524 1329 576 1362 ita
593 1329 750 1362 substitit
766 1330 871 1372 unda,

41 1375 140 1408 Mitis
157 1379 197 1408 ut
213 1375 251 1407 in
265 1386 396 1408 morem
413 1375 527 1418 stagni
544 1374 757 1418 placidaeque
773 1375 910 1419 paludis

41 1420 217 1459 Sterneret
233 1431 350 1464 aequor
365 1421 475 1464 aquis,
491 1431 584 1453 remo
601 1424 641 1453 ut
657 1420 833 1453 luctamen
850 1420 990 1454 abesset.

41 1466 132 1508 Ergo
149 1466 216 1498 iter
231 1466 410 1509 inceptum
427 1466 601 1506 celerant,
594 1478 600 1484 ·
624 1477 760 1498 rumore
778 1466 926 1499 secundo
1108 1467 1152 1498 90

41 1510 187 1544 Labitur
202 1516 310 1544 uncta
326 1511 424 1544 vadis
441 1511 554 1544 abies:
579 1511 752 1544 mirantur
768 1516 804 1544 et
820 1511 934 1554 undae,

42 1555 195 1589 Miratur
210 1567 332 1589 nemus
350 1556 527 1589 insuetum
542 1556 715 1599 fulgentia
732 1556 847 1608 longe

43 1601 151 1634 Scuta
167 1601 281 1634 virum
297 1601 413 1644 fluvio,
430 1601 609 1645 pictasque
626 1602 746 1634 innare
763 1602 905 1635 carinas.

44 1646 114 1679 Olli
129 1646 274 1689 remigio
290 1650 497 1689 noctemque
514 1647 674 1690 diemque
690 1647 853 1690 fatigant,

44 1691 91 1724 Et
106 1691 227 1734 longos
245 1697 411 1734 superant
427 1692 550 1734 flexus,
568 1692 739 1735 variisque
757 1696 928 1735 teguntur

44 1735 244 1780 Arboribus,
261 1737 458 1781 viridesque
476 1740 595 1770 secant
612 1737 748 1781 placido
765 1749 899 1781 aequore
917 1737 1030 1772 silvas.
