1345 1927
83 32 150 65 140
392 29 430 63 P.
448 27 653 63 VIRGILII
678 26 847 61 MARON
851 26 894 61 IS

62 106 65 107 ’
84 99 217 140 Quarto
234 100 327 131 terra
344 97 400 131 die
417 97 568 142 primum
585 107 620 129 se
637 95 796 129 attollere
812 95 954 128 tandem

83 144 177 186 Visa,
194 143 327 187 aperire
344 143 464 188 procul
481 146 625 185 montes,
643 152 684 175 ac
701 141 837 174 volvere
855 141 1000 174 fumum.

84 188 170 224 Vela
187 189 316 222 cadunt
329 201 338 230 3
362 189 466 222 remis
482 188 695 231 insurgimus
710 199 717 227 ;
743 186 836 219 haud
853 197 959 228 mora,
976 188 1093 219 nautae

83 235 217 269 Adnixi
234 238 398 279 torquent
415 245 564 278 spumaS,
582 238 617 267 et
634 232 762 266 caerula
779 236 932 265 verrunt.

83 281 268 315 Servatum
284 291 328 314 ex
346 280 450 313 undis
467 279 704 323 Strophadum
719 290 775 311 me
792 277 895 311 litora
912 277 1065 322 primum

82 327 282 370 Accipiunt,
299 325 510 370 Strophades
528 325 629 359 Graio
647 329 742 357 stant
759 324 898 357 nomine
915 323 1018 357 dictae

83 372 215 405 Insulae
233 371 330 405 Ionio
347 372 384 404 in
401 382 537 415 magno,
556 382 640 415 quas
658 370 734 403 dira
751 369 885 403 Celaeno

83 418 320 462 Harpyiaeque
338 417 458 451 colunt
475 417 562 459 aliae,
581 416 730 449 Phineia
746 420 930 459 postquam

84 464 209 497 Clausa
225 463 357 505 domus,
374 473 579 506 mensasque
595 466 693 495 metu
710 461 840 505 liquere
858 461 995 505 priores.

83 508 231 542 Tristius
248 508 343 542 haud
361 508 429 541 inis
450 512 654 550 monstrum,
671 518 736 540 nec
753 507 874 540 saevior
891 506 965 540 ulla

84 554 196 588 Pestis
213 558 249 587 et
265 554 317 587 ira
334 553 438 587 deum
455 553 585 597 Stygiis
603 564 674 586 sese
691 552 821 585 extulit
837 552 950 586 undis.

84 600 244 643 Virginei
261 599 442 633 volucrum
458 599 587 641 vultus,
604 598 794 631 foedissima
810 597 942 631 ventris

85 645 274 688 Proluvies,
292 656 458 689 uncaeque
474 655 609 688 manus,
627 648 662 677 et
678 643 810 688 pallida
827 653 960 687 semper

85 692 154 726 Ora
170 691 271 724 fame.
720 697 754 720 υ

132 737 151 752 “
165 739 246 772 Huc
264 737 322 771 u'bi
339 736 448 770 delati
466 733 589 780 port-us
603 734 822 776 intravimus,
840 745 919 768 ecce

85 779 183 812 Laeta
199 779 303 812 boum
320 779 448 823 passim
465 779 596 823 campis
612 783 770 812 armenta
787 779 945 812 videmus

86 825 386 869 Caprigenumque
403 836 516 869 pecus,
534 825 632 857 nullo
649 825 799 867 custode,
817 836 878 868 per
895 824 1028 859 herbas.

87 871 258 904 Irruimus
274 870 374 913 ferro,
391 876 426 903 et
443 870 540 903 divos
557 871 740 914 ipsumque
757 882 919 903 vocamus

87 916 130 950 In
146 920 282 961 partem
299 916 521 960 praedamque
538 916 563 950 J
565 928 673 950 ovem.
711 916 800 949 Tum
817 916 917 949 litore
935 927 1040 950 curvo

86 962 378 1006 Exstruimusque
395 967 496 1005 toros,
514 962 732 1006 dapibusque
749 962 933 1006 epulamur
949 962 1082 1006 opimis.

86 1008 135 1042 At
152 1008 275 1041 subitae
293 1007 451 1041 horrifico
468 1008 567 1052 lapsu
585 1008 628 1041 de
644 1008 820 1041 montibus
837 1008 966 1041 adsunt

87 1054 265 1098 Harpyiae,
282 1058 318 1087 et
333 1054 469 1097 magnis
486 1054 653 1097 quatiunt
669 1054 890 1097 clangoribus
906 1054 988 1097 alas,

86 1099 336 1144 Diripiuntque
353 1099 467 1144 dapes,
486 1104 718 1143 contactuque
735 1100 850 1133 omnia
866 1100 1000 1133 foedant

88 1145 273 1179 Immundo
288 1158 297 1187 ;
322 1149 399 1178 tum
416 1157 483 1179 vox
500 1150 632 1178 tetrum
648 1146 724 1178 dira
740 1146 832 1178 inter
848 1146 995 1180 odorem.

88 1191 241 1224 Rursum
257 1191 294 1224 in
312 1202 445 1228 secessu
462 1191 564 1234 longo
582 1191 645 1224 sub
662 1202 748 1235 rupe
765 1195 898 1234 cavata,

87 1236 277 1270 Arboribus
294 1237 404 1270 clausi
421 1237 551 1270 circum
567 1241 672 1281 atque
689 1237 910 1270 horrentibus
927 1237 1068 1281 umbris,

89 1283 301 1316 Instruimus
317 1294 462 1326 mensas,
479 1283 617 1327 arisque
633 1283 831 1327 reponimus
848 1283 965 1326 ignem
979 1295 986 1317 :

88 1329 241 1362 Rursum
260 1340 303 1362 ex
321 1329 455 1362 diverso
473 1329 550 1363 coeli
567 1329 733 1373 caecisque
750 1328 891 1363 latebris

87 1375 204 1408 Turba
222 1386 346 1408 sonans
362 1375 517 1419 praedam
534 1375 679 1419 pedibus
696 1375 923 1409 circumvolat
939 1376 1048 1419 uncis,

88 1420 222 1454 Polluit
239 1431 295 1454 ore
313 1421 426 1465 dapes.
468 1421 575 1455 Sociis
592 1425 687 1463 tunc,
705 1432 802 1454 arma
818 1426 1009 1465 capessant,

88 1466 206 1508 Edico,
224 1470 259 1499 et
276 1466 352 1500 dira
368 1467 499 1500 bellum
516 1479 596 1500 cum
613 1471 716 1510 gente
733 1467 924 1510 gerendum
938 1479 944 1501 :

89 1512 197 1545 Haud
214 1523 310 1546 secus
327 1523 368 1546 ac
380 1513 468 1556 jussi
484 1513 629 1555 faciunt,
648 1517 824 1557 tectosque
840 1524 901 1557 per
918 1513 1060 1547 herbam

88 1557 288 1602 Disponunt
305 1569 411 1601 enses,
429 1563 465 1592 et
482 1564 581 1592 scuta
597 1559 744 1592 latentia
761 1559 925 1593 condunt.

88 1603 191 1647 Ergo,
207 1603 268 1637 ubi
286 1604 435 1649 delapsae
452 1605 605 1638 sonitum
621 1616 683 1649 per
699 1616 806 1639 curva
823 1605 947 1638 dedere

89 1649 216 1692 Litora,
235 1650 296 1684 dat
313 1650 451 1694 signum
469 1651 609 1695 specula
626 1651 782 1684 Misenus
798 1651 842 1684 ab
859 1651 932 1684 alta

89 1694 172 1730 AEre
189 1707 282 1730 cavo.
324 1696 503 1731 Invadunt
520 1697 612 1740 socii,
629 1700 664 1731 et
680 1708 771 1731 nova
787 1696 909 1742 proelia
925 1699 1076 1737 tentant,

1135 323 1203 356 210

1137 779 1205 812 220

1139 1239 1206 1271 230

1140 1698 1208 1730 240
