1345 1927
139 92 206 124 366
441 89 478 123 Ρ.
506 88 713 122 VIRGILII
741 88 956 123 MARONIS

140 157 256 200 Atque
272 155 355 189 hinc
373 161 471 190 vasta
489 155 598 200 paluS,
617 155 698 189 hinc
715 155 825 189 ardua
843 155 972 188 moenia
988 154 1145 199 cingunt.

185 202 218 236 N
221 213 259 236 ec
275 202 393 236 minus
409 201 549 245 AEneaS,
567 213 768 246 quanquam
786 201 926 234 tardata
943 201 1074 244 sagitta

139 247 323 282 Interdum
340 259 456 291 genua
472 247 669 292 impediunt
687 258 894 290 cursumque
910 250 1083 290 recusant,

139 294 353 337 Insequitur,
371 293 568 338 trepidique
584 293 708 338 pedem
725 293 812 336 pede
829 293 984 326 fervidus
1002 296 1123 336 urget:

139 339 323 373 Inclusum
340 339 451 373 veluti
469 339 497 372 si
515 339 651 383 quando
668 339 812 372 flumine
830 343 954 372 nactus

139 385 296 429 Cervum,
314 390 377 419 aut
394 385 550 430 puniceae
569 389 708 429 septum
724 384 910 418 formidine
927 395 1063 428 pennae,
1195 384 1262 417 750

140 430 296 465 Venator
313 442 416 464 cursu
434 431 529 464 canis
547 435 582 464 et
599 430 787 464 latratibus
804 430 937 463 instat·
928 456 937 471 ‚

140 476 204 511 Ille
222 481 350 519 autem,
367 477 503 510 insidiis
520 481 555 510 et
571 477 648 520 ripa
665 477 807 509 territus
825 476 906 518 alta,

138 523 238 556 Mille
255 523 348 566 fugit
365 523 563 567 refugitque
581 523 654 555 vias
669 534 675 556 :
701 526 739 555 at
756 521 892 554 vividus
911 521 1041 555 Umber

140 568 262 602 Haeret
279 569 389 612 hians,
403 569 478 611 jam
490 569 634 612 jamque
651 572 758 610 tenet,
777 567 966 611 similisque
983 567 1120 601 tenenti

140 614 321 659 Increpuit
338 614 449 656 malis,
466 625 651 658 morsuque
668 614 783 646 elusus
801 613 898 646 inani
916 618 976 646 est.

139 660 228 694 Tum
246 671 326 693 vero
345 660 501 693 exoritur
519 660 648 693 clamor
663 672 671 700 3
696 660 850 703 ripaeque
868 659 1034 703 lacusque

140 706 360 751 Responsant
377 706 477 749 circa,
495 711 530 739 et
547 705 673 739 coelum
690 710 790 738 tonat
807 716 907 738 omne
925 705 1091 739 tumu1tu.

140 752 206 786 Ille
223 752 324 786 simul
341 752 487 795 fugiens,
508 751 654 785 Rutulos
672 751 775 784 simul
792 751 950 794 increpat
967 762 1095 794 omnen,

139 798 288 832 Nomine
307 809 475 842 quemque
493 809 628 840 vocans,
645 802 837 841 notumque
854 796 1023 840 efflagitat
1040 807 1166 830 ensem.

139 844 267 877 AEneas
284 849 430 877 mortem
447 848 576 886 contra,
594 854 813 887 praesensque
830 843 986 876 minatur
1196 843 1264 876 760

139 890 308 933 Exitium,
327 890 354 922 si
372 890 555 934 quisquam
572 889 695 930 adeat;
720 894 895 932 terretque
912 891 1110 932 trementes,

140 936 353 969 Excisurum
372 935 491 969 urbem
508 936 688 975 minitans,
706 935 897 968 etsaucius
915 935 1032 968 instat.

141 982 303 1025 Quinque
320 981 417 1015 orbes
434 981 579 1025 explent
597 992 710 1024 cursu,
728 981 943 1024 totidemque
960 984 1128 1014 retexunt

140 1027 222 1061 Huc
239 1028 333 1061 illuc.
374 1027 498 1070 Neque
515 1027 608 1060 enim
625 1027 716 1060 levia
732 1031 795 1060 aut
813 1026 948 1060 ludicra
964 1031 1138 1070 petuntur

140 1073 308 1114 Praemia3
334 1073 393 1106 sed
412 1073 520 1106 Turni
537 1073 580 1106 de
597 1073 671 1106 vita
689 1078 724 1106 et
741 1073 912 1116 sanguine
929 1077 1076 1106 certant.

141 1119 244 1153 Forte
263 1130 356 1152 sacer
373 1119 494 1152 Fauno
511 1119 603 1152 foliis
620 1119 766 1152 oleaster
783 1119 909 1151 amaris

141 1165 211 1199 Hic
229 1170 383 1207 steterat,
400 1165 518 1198 nautis
536 1165 619 1198 olim
636 1164 832 1198 venerabile
850 1164 985 1208 lignum
1000 1176 1010 1205 3

142 1211 278 1245 Servati
295 1222 338 1244 ex
355 1211 458 1244 undis
476 1211 536 1244 ubi
553 1210 658 1254 figere
675 1211 766 1244 dona
784 1209 941 1244 solebant

141 1257 308 1291 Laurenti
325 1257 413 1299 divo,
431 1262 466 1290 et
483 1263 580 1290 votas
598 1256 807 1300 suspendere
825 1260 945 1289 vestes.

142 1303 209 1336 Sed
228 1303 371 1347 stirpem
389 1303 513 1336 Teucri
529 1302 627 1336 nullo
645 1302 842 1335 discrimine
860 1313 996 1335 sacrum
1198 1302 1265 1336 770

142 1348 374 1391 Sustulerant,
392 1360 478 1392 puro
495 1353 535 1382 ut
552 1353 691 1392 possent
708 1359 910 1381 concurrere
928 1359 1058 1392 campo.

143 1395 212 1428 Hic
229 1395 330 1428 hasta
348 1395 467 1427 AEneae
486 1395 601 1428 stabat
615 1406 622 1428 :
648 1394 717 1427 huc
734 1394 886 1438 impetus
903 1394 1002 1426 illam

142 1440 335 1483 Detulerat,
354 1440 461 1473 fixam
478 1445 513 1473 et
530 1440 626 1474 lenta
643 1441 679 1473 in
697 1440 812 1473 radice
829 1439 980 1473 tenebat.

143 1486 311 1519 Incubuit
328 1486 507 1530 voluitque
524 1497 630 1519 manu
648 1485 839 1519 convellere
855 1485 987 1518 ferrum

143 1532 371 1575 Dardanides,
389 1532 529 1576 teloque
546 1532 651 1576 sequi,
671 1543 773 1576 quem
790 1531 958 1575 prendere
975 1542 1079 1564 cursu

142 1577 221 1610 Non
238 1582 382 1621 poterat.
424 1578 514 1610 Tum
531 1589 610 1611 vero
627 1589 745 1611 amens
761 1577 947 1610 formidine
965 1576 1114 1617 Turnus,

142 1624 163 1641 “
176 1623 304 1663 Faune,
318 1635 447 1668 precor,
460 1623 652 1665 miserere‚”
670 1624 788 1667 inquit
803 1636 811 1665 ;
835 1624 855 1640 “
867 1630 977 1668 tuque
990 1624 1123 1668 optima
1136 1622 1266 1656 ferrum

143 1669 248 1702 Terra
265 1673 344 1702 tene
359 1681 365 1703 :
391 1669 483 1703 colui
499 1675 630 1702 vestros
648 1669 677 1702 si
694 1681 828 1713 semper
843 1669 998 1712 honores,

144 1714 236 1755 Quos
254 1719 374 1748 contra
390 1715 553 1748 AEneadae
570 1715 660 1748 bello
677 1715 788 1748 fecere
805 1715 1000 1759 profanos.”

143 1760 255 1803 Dixit,
274 1771 442 1805 opemque
459 1761 514 1794 dei
531 1771 601 1794 non
618 1772 714 1795 cassa
729 1761 768 1794 in
786 1765 867 1794 vota
884 1760 1031 1794 vocavit.
1199 1760 1266 1794 780
