1345 1927
109 90 178 121 404
427 89 464 123 P.
483 89 687 124 VIRGILII
706 90 920 125 MARONIS

158 156 330 190 Parvulus
347 161 470 191 exusto
487 158 688 192 remanebat
705 159 824 203 stipite
841 159 969 203 fumus,

111 202 156 236 Et
173 203 260 236 cinis
278 202 437 236 obductae
455 203 590 237 celabat
606 204 742 238 lumina
759 217 890 249 prunae.

113 247 285 282 Admovet
301 248 356 282 his
373 260 527 293 pronam,
545 249 713 283 submissa
729 252 854 294 fronte,
868 251 1058 292 lucernam,
1189 254 1235 286 10

111 293 156 327 ²·3t
173 294 334 338 producit
349 305 416 328 acu
434 299 552 339 stupas
570 295 713 329 humore
730 301 897 339 carentes,

115 340 253 374 &xcitat
270 343 306 373 et
322 339 449 374 crebris
466 340 693 384 languentem
710 341 851 375 flatibus
868 343 994 386 ignem.

109 384 264 418 'l'andem
281 390 448 430 concepto
466 386 616 420 tenebrae
634 387 770 431 fulgore
786 388 965 432 recedunt,

110 430 346 476 Oppositaque
363 443 470 465 manu
489 432 607 466 lumen
624 432 781 466 defendit
798 433 842 467 ab
859 445 954 477 aura,

109 476 156 510 Et
171 481 301 510 reserat
318 477 445 520 clausa,
463 489 540 521 quae
558 479 736 522 praevidet,
754 480 844 513 ostia
861 480 960 514 clavi.

156 523 267 556 Fusus
285 526 359 556 erat
376 527 468 557 terra
487 523 654 557 frumenti
672 536 804 569 pauper
821 537 963 559 acervus
981 539 988 566 ;

110 568 203 601 Hinc
221 568 286 601 sibi
304 569 485 613 depromit,
503 570 677 613 quantum
693 582 855 604 mensura
872 571 1016 615 patebat

109 614 194 655 Quae
211 614 263 647 bis
281 615 317 647 in
335 618 475 648 octonas
493 616 648 649 excurrit
664 616 816 660 pondere
833 617 946 650 libras.

110 659 196 693 Inde
214 660 298 703 abit,
316 660 525 704 adsistitque
542 661 652 703 molae,
670 673 848 706 parvaque
864 662 1003 707 tabella,

109 705 222 746 Quam
240 705 347 739 fixam
364 706 476 750 paries
494 706 571 740 illos
589 707 748 741 servabat
766 708 803 740 in
821 720 913 751 usus,
1184 712 1232 743 20

108 750 259 785 Lumina
275 752 344 785 fida
361 752 472 793 locat3
497 753 652 796 geminos
670 757 755 786 tunc
773 758 867 788 veste
884 754 1030 789 lacertos

108 796 258 839 Liberat,
276 802 321 841 et,
339 798 474 831 cinctus
493 798 622 832 villosae
642 805 775 842 tergore
793 811 915 844 caprae,

109 842 291 876 Praeverrit
309 844 420 877 cauda
438 844 550 877 silices
567 845 808 889 gremiumque
824 846 1005 880 molarum.

107 889 265 922 Advocat
282 889 363 922 inde
380 901 504 923 manus
521 891 626 933 operi,
644 891 796 934 partitus
813 892 1008 936 utrimque:

108 934 212 968 Laeva
228 935 429 977 ministerio,
447 935 572 969 dextra
590 941 641 969 est
658 937 796 970 intenta
813 937 922 970 labori
932 950 940 978 ;

108 980 193 1013 Haec
209 985 302 1014 rotat
318 980 466 1014 assiduis
483 982 579 1025 gyris
597 986 632 1015 et
649 983 802 1016 concitat
819 983 945 1016 orbem.

107 1025 223 1059 Tunsa
241 1026 339 1060 Ceres
356 1027 478 1070 rapido
496 1027 633 1059 silicum
651 1028 804 1061 decurrit
821 1029 864 1062 ab
882 1029 966 1063 ictu.

110 1071 291 1106 Interdum
308 1073 405 1105 fessae
423 1073 577 1105 succedit
594 1072 682 1106 laeva
700 1074 813 1115 sorori,

108 1118 339 1162 Alternatque
357 1118 456 1151 vices.
499 1118 604 1151 Modo
620 1119 752 1152 rustica
770 1120 925 1154 carmina
941 1124 1074 1164 cantat,

109 1163 315 1207 Agrestique
333 1175 435 1196 suum
454 1163 585 1197 solatur
598 1176 679 1197 voce
698 1164 858 1199 laborem.
1183 1170 1229 1202 30

109 1209 292 1243 Interdum
310 1209 441 1243 clamat
458 1209 610 1253 Cybalen
626 1222 632 1243 :
658 1215 733 1243 erat
749 1211 854 1245 unica
871 1215 996 1255 custos,

108 1255 194 1289 Afra
210 1266 331 1299 geum,
350 1260 425 1289 tota
442 1256 594 1299 patriam
611 1260 764 1290 testante
781 1257 905 1300 figura,

107 1300 212 1334 Torta
229 1312 372 1343 comam,
390 1301 556 1345 labroque
574 1305 712 1335 tumens
730 1306 764 1336 et
781 1304 879 1336 fusca
898 1303 1055 1347 colorem,

108 1346 251 1380 Pectore
269 1347 351 1389 lata,
365 1348 485 1390 jacens
503 1348 671 1390 mammis,
690 1350 914 1392 compressior
930 1349 1018 1392 alvo,

107 1392 273 1425 Criu-ibus
290 1393 401 1435 exilis,
421 1393 571 1437 spatiosa
589 1393 734 1437 prodiga
752 1394 896 1438 planta;

108 1438 290 1471 Continuis
306 1438 402 1472 rimis
420 1438 582 1472 calcanea
599 1439 703 1472 scissa
719 1440 888 1483 rigebant.

109 1483 210 1517 Hanc
229 1488 328 1517 vocat
345 1488 450 1528 atque
467 1496 586 1517 arsura
603 1484 687 1518 focis
705 1486 880 1530 imponere
897 1485 994 1530 ligna

109 1530 274 1573 Imperat,
293 1534 328 1563 et
345 1530 484 1563 flamma
501 1530 633 1573 gelidos
650 1530 786 1565 adolere
804 1531 962 1575 liquores.

156 1575 344 1619 Postquam
361 1576 520 1620 implevit
538 1587 624 1620 opus
635 1577 774 1619 justum
791 1578 952 1611 versatile
968 1577 1083 1622 finem,
1226 1613 1231 1619 ,

107 1620 285 1654 Transfert
303 1621 383 1654 iude
399 1633 507 1655 manu
523 1621 618 1655 fusas
634 1623 672 1655 in
688 1622 782 1656 cibra
797 1623 928 1657 farinas
1181 1627 1228 1659 40

107 1665 154 1698 Et
172 1667 294 1710 quatit.
345 1667 391 1701 At
408 1672 589 1701 remanent
606 1679 740 1702 summo
756 1669 966 1713 purgamina
981 1669 1081 1704 dorso
1091 1682 1102 1712 3

108 1710 266 1745 Subsidit
284 1713 415 1746 sincera
431 1713 728 1758 foraminibusque
744 1715 908 1759 liquatur.

109 1757 310 1792 Emundata
327 1758 434 1793 Ceres.
484 1759 577 1793 Laevi
594 1763 670 1793 tum
687 1761 846 1805 protinus
862 1761 960 1796 illam
