1345 1927
90 56 156 88 132
393 54 430 89 P.
450 55 654 89 VIRGILII
680 55 850 90 MARON
853 55 896 90 IS

87 121 286 163 Ascanium,
303 121 547 166 Anchisenque
564 126 709 167 patrem,
726 122 943 167 Teucrosque
959 124 1103 167 penates

88 167 295 201 Commendo
313 168 422 211 sociis,
439 172 475 201 et
491 180 599 202 curva
615 169 706 202 valle
722 169 870 202 recondo
885 181 893 209 ;

88 212 166 256 Ipse
182 213 303 247 urbem
319 218 447 258 repeto,
465 218 500 247 et
517 215 636 257 cingor
651 214 869 258 fulgentibus
885 214 999 248 armis.

86 257 165 292 Stat
183 270 281 292 casus
297 271 461 293 renovare
478 271 605 304 omnes,
623 272 826 304 omnemque
843 260 971 293 reverti
1140 260 1207 295 750

87 303 154 338 Per
171 305 317 349 Trojam,
335 309 370 339 et
386 317 505 339 rursus
523 310 629 351 caput
646 305 819 350 objectare
836 305 982 350 periclis.

86 349 262 395 Principio
279 363 395 385 muros
412 351 623 396 obscuraque
639 352 763 385 limina
779 356 898 396 portae,

87 396 164 437 Qua
180 408 336 441 gressum
353 397 557 441 extuleram,
574 402 692 442 repeto
707 410 715 439 ;
741 402 776 431 et
793 397 942 441 vestigia
956 400 1049 431 retro

86 442 277 476 Observata
294 454 416 486 sequor
433 455 493 487 per
510 448 647 477 noctem
664 447 699 477 et
716 443 848 477 lumine
866 443 985 476 lustro.

85 487 216 522 Horror
232 489 361 532 ubique
378 489 520 533 animos,
538 489 642 523 simul
658 489 734 533 ipsa.
751 489 890 522 silentia
907 491 1048 523 terrent.

85 533 174 567 Inde
191 535 342 577 domum,
357 535 385 567 si
402 535 490 568 forte
507 535 639 579 pedem,
658 536 686 568 si
702 536 791 569 forte
808 535 957 578 tulisset,

84 579 144 614 Me
160 581 278 614 refero.
328 580 506 614 Irruerant
523 581 646 624 Danai,
664 585 700 614 et
715 584 850 614 tectum
866 591 966 614 omne
983 579 1159 614 tenebant.

64 618 297 672 (Ϊῌᾷεξῷἰςηᾶε
315 626 404 659 edax
423 638 557 659 summa
575 626 619 660 ad
636 626 779 670 fastigia
795 630 899 660 vento

85 671 249 706 Volvitur
263 685 271 713 3
297 677 508 716 exsuperant
524 672 672 706 flammae
687 685 695 714 3
719 672 807 705 furit
825 676 930 705 aestus
947 671 991 706 ad
1008 682 1120 706 aurae.

84 717 246 761 Procedo,
264 722 299 751 et
316 718 445 751 Priami
463 719 558 752 sedes
575 729 756 762 arcemque
773 718 894 753 reviso.
1139 717 1206 752 760

84 764 131 797 Et
143 765 218 808 jam
234 764 424 809 porticibus
442 765 559 798 vacuis
576 764 728 798 Junonis
745 764 840 808 asylo

85 810 250 844 Custodes
267 810 349 843 lecti
367 810 515 844 Phoenix
533 816 568 844 et
585 811 680 844 dirus
697 810 819 843 Ulixes

84 855 244 889 Praedam
261 857 494 890 asservabant.
543 857 624 889 Huc
640 856 796 900 undique
813 855 917 889 Troia
933 865 1020 899 gaza

84 901 239 936 Incensis
256 906 374 946 erepta
391 902 515 946 adytis,
532 913 728 946 mensaeque
746 902 897 945 deorum,

84 948 307 992 Crateresque
324 959 408 982 auro
427 948 536 991 solidi,
555 949 763 992 captivaque
779 948 884 981 vestis

85 993 297 1038 Congeritur.
348 994 452 1028 Pueri
469 999 504 1028 et
520 994 655 1039 pavidae
672 994 775 1038 longo
792 994 911 1027 ordine
927 996 1057 1027 matres

83 1039 187 1073 Stant
205 1040 345 1074 circum.

83 1085 199 1119 Ausus
217 1086 301 1130 quin
319 1087 425 1120 etiam
442 1097 540 1119 voces
553 1087 688 1129 jactare
704 1097 765 1130 per
781 1085 952 1128 umbram,

84 1131 233 1176 Implevi
251 1131 400 1166 clamore
417 1133 500 1175 vias,
517 1137 727 1176 maestusque
744 1132 909 1166 Creusam

83 1177 328 1222 Nequidquam
342 1178 560 1221 ingeminans
573 1178 768 1221 iterumque
782 1178 978 1221 iterumque
991 1176 1121 1210 vocavi.
1137 1177 1204 1211 770

84 1224 269 1266 Quaerenti,
288 1228 322 1257 et
339 1224 441 1257 tectis
458 1224 554 1257 urbis
572 1224 645 1257 sine
661 1223 730 1257 fine
746 1223 888 1265 furenti,

84 1269 215 1303 Infelix
233 1270 456 1303 simulacrum
474 1273 581 1314 atque
598 1269 707 1314 ipsius
723 1269 848 1302 umbra
865 1269 1002 1302 Creiisae

84 1315 168 1349 Visa
184 1316 271 1348 mihi
289 1319 371 1349 ante
388 1316 513 1359 oculos,
531 1319 566 1349 et
582 1320 667 1349 nota
681 1316 792 1359 major
808 1315 933 1358 imago.

85 1361 269 1406 Obstupui,
287 1365 529 1405 steteruntque
546 1373 663 1401 comae,
681 1365 715 1394 et
732 1372 800 1394 vox
816 1360 976 1394 faucibus
993 1359 1104 1394 haesit.

83 1407 173 1441 Tum
191 1408 238 1441 sic
255 1408 363 1451 affari,
382 1412 417 1441 et
434 1419 533 1441 curas
549 1407 604 1441 his
621 1407 757 1441 demere
774 1407 877 1440 dictis
892 1418 898 1440 :

87 1454 95 1468 ‘
109 1451 203 1492 Quid
220 1455 361 1484 tantum
378 1451 500 1484 insano
512 1453 617 1495 juvat
633 1451 818 1494 indulgere
835 1450 954 1493 dolori,

84 1495 112 1529 Ο
130 1495 242 1529 dulcis
259 1496 388 1539 conjux
402 1495 414 1529 2
438 1507 509 1529 non
525 1496 599 1529 haec
617 1496 690 1529 sine
706 1495 850 1529 numine
867 1495 988 1529 divum

83 1541 282 1575 Eveniunt:
307 1553 371 1575 nec
387 1545 423 1575 te
440 1541 552 1586 [hinc]
570 1542 732 1575 comitem
748 1545 924 1586 asportare
941 1541 1105 1575 Creusam

84 1588 160 1631 Fas,
178 1592 240 1621 aut
257 1587 316 1621 ille
333 1588 418 1621 sinit
434 1588 550 1632 superi
565 1592 729 1631 regnator
746 1587 894 1632 Olympi.

83 1633 203 1677 Longa
218 1633 284 1667 tibi
301 1633 433 1676 exsilia,
451 1638 486 1667 et
503 1637 642 1667 vastum
658 1633 763 1667 maris
780 1645 898 1677 aequor
913 1633 1091 1667 arandum.
1134 1634 1201 1669 780

82 1679 129 1713 Et
146 1684 274 1713 terram
291 1679 497 1724 Hesperiam
514 1680 640 1721 venies,
657 1679 719 1712 ubi
736 1679 867 1723 Lydius
883 1690 967 1713 arva

83 1725 182 1760 Inter
198 1725 313 1770 opima
329 1726 443 1759 virum
460 1725 529 1759 leni
546 1725 625 1759 fluit
642 1725 781 1769 agmine
798 1725 946 1768 Thybris
964 1736 968 1743 '

1304 756 1315 795 ,νῖ
