1345 1927
410 87 648 121 BUCOLIOA.
698 87 792 120 EeL.
820 78 897 120 Iv.'

393 178 574 212 ECLOGA
600 178 661 212 IV.
711 176 888 210 POLLIO.

77 241 271 275 SIOELIDES
288 241 409 285 Musae,
426 241 545 285 paullo
561 243 693 285 majora
710 251 875 274 canamus
889 252 898 280 3

77 287 155 320 Non
173 299 289 321 omnes
307 287 448 321 arbusta
460 289 589 331 juvant
606 287 823 330 humilesque
839 285 990 329 myricae.

77 332 114 366 Si
131 333 287 366 cauimus
305 333 418 375 silvas,
436 333 531 366 silvae
549 333 619 366 sint
637 332 776 365 consule
794 332 919 375 dignae.

77 378 212 412 Ultima
230 379 360 412 Cumaei
377 379 474 412 venit
486 380 561 422 jam
578 378 740 411 carminis
758 382 841 411 aetas
856 390 864 418 ;

76 423 228 467 Magnus
245 424 289 458 ab
305 425 440 467 int-egro
458 424 638 457 saeclorum
653 424 810 457 nascitur
826 423 916 456 ordo.

77 469 103 503 J
105 481 161 502 am
176 470 269 503 redit
285 475 320 503 et
337 470 454 513 Virgo,
471 470 619 503 redeunt
637 470 802 503 Saturnia
818 480 926 512 regna
940 480 949 509 ς

77 515 103 548 J
105 527 161 550 am
177 527 267 549 nova
283 516 463 559 progenies
481 516 566 549 coelo
583 516 782 548 demittitur
799 515 879 548 alto.

77 560 131 594 Tu
146 561 247 594 modo
263 562 421 595 nascenti
438 573 544 605 puero
561 573 628 605 quo
645 562 756 594 ferrea
772 561 925 605 primum

76 606 221 640 Desinet
238 618 278 640 ac
296 612 368 641 toto
387 613 505 651 surget
521 619 606 650 gens
623 619 728 640 aurea
743 606 884 649 mundo,

77 652 189 695 Casta,
206 653 294 695 fave,
312 653 445 686 Lucina
459 666 465 686 :
491 658 573 686 tuus
587 655 662 697 jam
677 657 800 696 regnat
817 651 951 696 Apollo.

77 697 194 741 Teque
211 699 295 731 adeo
313 699 416 732 decus
433 699 498 732 hoc
515 699 589 741 aevi7
608 703 643 731 te
661 698 808 741 consule,
827 697 940 740 inibit,

77 743 197 787 Pollio,
215 748 250 777 et
266 744 436 788 incipient
452 744 571 787 magni
588 744 770 788 procedere
786 755 919 776 menses
934 755 942 783 ;

77 789 124 822 're
141 790 238 832 duce,
257 790 285 823 si
302 801 371 833 qua
386 795 539 832 manent,
557 790 692 822 sceleris
710 789 856 832 vestigia
873 788 980 822 nostri

78 835 183 868 Irrita
199 840 367 879 perpetua
385 836 519 868 solvent
535 835 718 868 formidine
735 839 852 868 terras

77 880 143 914 Ille
161 881 266 914 deum
281 881 392 914 vitam
409 881 567 925 accipiet}
585 881 743 924 divisque
761 881 892 914 videbit

77 926 272 960 Permixtos
289 927 419 970 heroas,
436 931 471 960 et
488 927 560 970 ipse
578 927 753 960 videbitur
769 927 848 969 illis,

78 971 316 1016 Pacatumque
332 978 429 1016 reget
447 973 569 1017 patriis
587 973 777 1006 virtutibus
795 972 920 1006 orbem.

77 1017 126 1051 At
143 1018 209 1051 tibi
225 1019 347 1062 prima,
364 1031 460 1062 puer⁷
476 1018 574 1051 nullo
591 1018 799 1051 munuscula
817 1018 916 1051 cultu

77 1063 243 1097 Errantes
259 1064 402 1097 hederas
420 1065 547 1109 passim
565 1076 645 1097 cum
662 1064 804 1098 baccare
821 1064 926 1097 tellus

77 1108 262 1153 Mixtaque
278 1110 407 1143 ridenti
425 1110 590 1144 colocasia
606 1110 732 1143 fundet
748 1110 906 1144 acantho.

79 1155 168 1199 Ipsae
184 1155 275 1189 lacte
292 1156 433 1189 domum
450 1157 600 1189 referent
617 1156 769 1189 distenta
786 1156 928 1200 capellae

78 1201 201 1243 Ubera,
218 1213 282 1234 nec
298 1209 442 1245 magnos
458 1206 617 1235 metuent
634 1207 791 1236 armenta
807 1202 933 1236 leones.

79 1246 159 1290 Ipsa
176 1247 240 1280 tibi
257 1247 401 1281 blandos
417 1248 567 1282 fundent
585 1248 759 1281 cunabula
774 1248 883 1281 fiores.

79 1292 222 1325 Occidet
239 1297 274 1326 et
291 1305 438 1337 serpens,
456 1298 491 1327 et
507 1294 618 1327 fallax
635 1294 742 1327 herba
758 1294 883 1327 veneni

80 1338 220 1372 Occidet
235 1351 243 1379 ;
267 1339 449 1382 Assyrium
465 1340 570 1383 vulgo
586 1344 749 1373 nascetur
765 1351 948 1373 amomum.

76 1385 125 1417 At
143 1384 246 1417 simul
263 1384 406 1417 heroum
424 1385 543 1418 laudes
560 1390 595 1418 et
611 1385 706 1419 facta
721 1386 874 1429 parentis

78 1430 103 1463 J
105 1442 161 1463 am
179 1430 292 1473 legere
309 1436 343 1463 et
361 1443 438 1474 quae
457 1432 501 1464 sit
518 1431 645 1475 poteris
662 1443 863 1475 cognoscere
880 1431 1011 1465 virtus:

76 1475 176 1508 Molh·
194 1476 366 1520 paulatim
382 1477 543 1511 flavescet
561 1489 702 1521 campus
720 1478 835 1520 arista,

77 1521 295 1566 Incultisque
310 1522 438 1555 rubens
455 1522 620 1566 pendebit
638 1523 792 1556 sentibus
809 1535 888 1567 uva,

76 1566 124 1600 Et
142 1567 237 1601 durae
255 1579 400 1612 quercus
419 1569 595 1602 sudabunt
611 1569 744 1602 roscida
760 1569 873 1602 mella.

77 1613 195 1646 Pauca
212 1618 330 1647 tamen
347 1615 517 1648 suberunt
533 1615 654 1658 priscae
671 1615 819 1658 vestigia
835 1611 978 1657 fraudis,

18 1682 19 1685 =
78 1658 162 1699 Quae
180 1663 315 1693 tentare
332 1660 471 1693 Thetim
488 1661 631 1702 ratibus,
649 1673 726 1705 quae
745 1661 881 1704 cingere
897 1661 1006 1694 muris

78 1704 223 1748 Oppida,
242 1717 320 1749 quae
332 1706 481 1750 jubeant
498 1706 616 1740 telluri
634 1707 801 1740 infindere
819 1707 938 1740 sulcos.

76 1750 176 1785 Alter
193 1751 259 1785 erit
276 1756 352 1785 tum
369 1752 508 1797 Tiphys,
527 1758 562 1786 et
579 1753 687 1787 altera
704 1765 781 1797 quae
799 1753 903 1787 vehat
920 1753 1013 1796 Argo

1160 650 1203 681 10

1158 1108 1204 1140 20

1156 1568 1201 1601 30
