1345 1927
83 39 126 71 88
411 34 679 70 GEORGIGON
705 34 792 68 LIB.
818 34 879 68 IV.

87 102 174 135 Cum
193 101 320 146 quibus
338 101 399 135 illa
417 101 536 134 choros
553 101 642 134 lucis
659 100 817 144 agitabat
835 100 871 133 in
889 98 980 140 altis,

81 147 243 181 Exitium
260 147 383 180 misere
400 147 533 191 apibus.
575 146 628 179 Tu
645 157 790 179 munera
809 147 956 190 supplex

81 193 207 236 Tende,
225 197 346 237 petens
363 203 493 236 pacem,
512 195 547 225 et
564 191 684 225 faciles
701 203 864 224 venerare
881 191 914 224 Ν
916 200 1031 234 apaeas
1045 200 1052 222 ε

79 238 242 282 Namque
260 238 395 271 dabunt
412 238 551 271 veniam
568 237 669 279 votis,
685 237 822 280 irasque
839 237 1030 270 remittent.

80 284 158 328 Sed,
176 284 298 318 modus
316 284 436 317 orandi
454 283 515 327 qui
532 283 586 326 sit,
605 283 701 327 pn'us
719 282 838 316 ordine
856 283 979 315 dicam.

81 330 239 371 Quatuor
256 330 400 363 eximios
417 329 598 373 praestanti
617 339 755 372 corpore
772 333 899 371 tauros,

81 376 149 418 Qui
166 376 232 410 tibi
248 387 344 409 nunc
361 375 481 409 viridis
499 375 692 418 depascunt
710 385 845 407 summa
862 374 986 417 Lycaei,

78 421 211 465 Delige,
231 425 266 455 et
282 422 416 454 intacta
434 421 580 454 totidem
598 420 730 453 cervice
743 421 923 462 juvencas.

81 467 238 508 Quatuor
255 467 309 500 his
327 478 403 500 aras
421 467 493 500 alta
511 466 554 499 ad
573 465 717 498 delubra
735 466 878 498 dearum

80 513 270 556 Constitue,
288 517 323 546 et
341 524 477 545 sacrum
489 511 625 555 jugulis
643 511 788 544 demitte
806 521 962 544 cruorem
976 522 986 552 ;

80 558 296 603 Corporaque
313 559 390 602 ipsa
405 558 510 590 boum
526 557 688 590 frondoso
705 557 821 589 desere
841 557 928 590 luco.

80 603 172 647 Post,
191 604 251 637 ubi
269 615 361 637 nona
379 615 456 636 suos
474 614 599 636 aurora
616 602 806 635 ostenderit
823 609 930 637 ortus,

79 649 227 683 Inferias
245 649 373 694 Orphei
390 649 533 682 Lethaea
549 659 722 692 papavera
738 648 857 681 mittes
872 660 880 688 ;

79 695 261 729 Placatam
279 695 477 739 Eurydicen
495 694 609 728 vitula
626 693 833 727 venerabere
851 704 948 736 caesa,

78 741 125 775 Et
141 742 280 785 nigram
296 741 465 774 mactabis
483 752 591 783 ovem,
609 740 797 783 lucumque
814 737 976 773 revises.’'

127 787 235 820 Haud
251 798 348 820 mora
362 799 369 820 :
395 786 560 820 continuo
578 786 700 818 matris
717 789 892 829 praccepta
907 783 1058 818 facessitu

78 833 133 866 Ad
151 833 297 866 delubra
314 832 411 865 venit
427 845 434 873 ;
458 835 668 865 monstratas
687 831 818 864 excitat
836 842 911 864 aras
925 843 934 872 3

79 879 237 920 Quatuor
254 878 398 911 eximios
415 877 597 922 praestanti
615 888 753 920 corpore
771 881 888 910 tauros

78 924 197 967 Ducit,
214 928 250 958 et
266 923 402 957 intacta
419 924 566 956 totidem
584 923 715 955 cervice
728 923 907 965 juvencas.

77 969 170 1014 Post,
187 970 248 1003 ubi
265 981 358 1003 nona
376 980 452 1002 suos
471 980 594 1002 aurora
611 968 799 1001 induxerat
817 977 924 1011 ortus,

77 1015 225 1049 Inferias
244 1015 373 1059 Orphei
389 1015 513 1055 mittit,
531 1014 718 1057 lucumque
735 1013 864 1047 revisit.

77 1061 146 1095 Hic
163 1073 242 1096 vero
260 1061 415 1094 subitum
433 1072 473 1094 ac
491 1061 589 1093 dictu
607 1059 764 1092 mirabile
781 1062 973 1092 monstrum

75 1108 273 1152 Aspiciunt,
290 1107 482 1151 liquefacta
497 1106 601 1138 boum
620 1117 681 1149 per
701 1105 832 1138 viscera
849 1109 922 1138 toto

75 1152 229 1187 Stridere
246 1164 327 1197 apes
345 1156 453 1194 utero,
472 1155 506 1184 et
523 1151 636 1195 ruptis
655 1150 816 1184 effervere
835 1151 937 1183 costis
953 1162 962 1191 ;

77 1198 339 1242 Immensasque
357 1198 450 1231 trahi
467 1197 577 1230 nubes
596 1209 603 1236 3
624 1198 767 1240 jamque
785 1196 904 1230 arbore
924 1206 1060 1229 summa

76 1245 264 1288 Confluere,
282 1248 317 1277 et
334 1244 438 1277 lentis
455 1254 562 1277 uvam
579 1242 762 1275 demittere
778 1243 883 1275 ramis

125 1335 211 1368 Hoec
229 1346 332 1378 super
349 1345 511 1368 arvorum
529 1333 628 1366 cultu
645 1344 876 1377 pecorumque
895 1331 1070 1374 canebam,

77 1381 124 1415 Et
143 1393 245 1425 super
262 1380 451 1423 arboribus,
470 1380 581 1413 Caesar
598 1379 682 1412 dum
699 1390 847 1421 magnus
865 1379 908 1411 ad
926 1378 1039 1411 altum

77 1427 260 1460 Fulminat
278 1426 484 1469 Euphraten
500 1425 600 1467 bello,
619 1424 798 1468 victorque
815 1424 970 1458 volentes

77 1472 144 1506 Per
161 1472 306 1517 populos
324 1472 386 1504 dat
398 1472 490 1515 jura,
508 1471 670 1514 viamque
688 1471 830 1503 affectat
848 1470 1005 1514 Olympo.

79 1518 149 1552 Illo
167 1518 356 1561 Virgilium
373 1529 428 1550 me
446 1520 600 1560 tempore
618 1516 729 1549 dulcis
746 1515 862 1549 alebat

77 1563 308 1608 Parthenope,
327 1563 452 1596 studiis
468 1562 649 1596 florentem
666 1561 828 1605 ignobilis
846 1563 896 1594 oti
915 1573 921 1594 :

78 1609 240 1643 Carmina
257 1610 317 1653 qui
333 1609 402 1642 lusi
419 1612 608 1653 pastorum,
627 1608 813 1650 audaxque
825 1608 985 1650 juventa,

76 1655 206 1700 Tityre,
224 1659 259 1690 te
276 1655 406 1700 patulae
425 1654 535 1688 cecini
552 1653 616 1687 sub
634 1653 786 1697 tegmine
804 1653 885 1697 fagi.

1135 418 1203 450 540

1133 1380 1202 1411 560
1212 1364 1217 1368 ’
