1345 1927
151 72 195 104 62
461 72 498 107 P.
524 73 732 108 VIRGILII
757 73 972 110 MARONIS

153 137 219 172 Per
235 141 373 182 terram,
391 142 427 172 et
444 150 578 173 summo
595 140 743 184 vestigia
759 141 902 185 pulvere
920 142 1081 186 signent:

152 184 236 217 Post
252 184 368 218 valido
385 185 501 218 nitens
519 185 581 218 sub
598 186 749 230 pondere
765 187 906 230 faginus
923 188 1000 221 axis

153 230 339 274 Instrepat,
357 234 392 264 ct
404 232 546 274 junctos
564 235 655 265 temo
672 232 791 265 trahat
809 244 917 266 aereus
934 233 1040 269 orbes.

153 276 292 309 Interea
309 276 394 321 pubi
411 277 590 310 indomitae
607 288 678 310 non
694 278 853 321 gramina
870 282 1020 322 tantum,

152 322 186 356 N
187 333 225 356 ec
241 333 359 356 vescas
377 322 523 356 salicum
538 323 678 356 frondes
694 323 883 367 ulvamque
899 324 1100 368 palustrem,

152 368 219 402 Sed
235 368 413 402 frumenta
428 380 537 402 manu
554 380 672 413 carpes
690 373 774 403 sata.
823 370 855 402 N
857 381 895 403 ec
912 370 977 403 tibi
992 371 1084 414 sctae,

153 414 250 448 More
266 419 417 459 patrum,
435 415 538 448 nivea
555 414 752 459 implebunt
768 415 971 450 mulctraria
987 427 1112 460 vaccae,

152 460 219 494 Sed
236 464 310 494 tota
326 460 364 493 in
382 461 499 494 dulces
517 465 721 496 consument
737 461 844 494 ubera
860 466 969 496 natos.

198 506 260 540 Sin
276 506 321 539 ad
338 506 429 540 bella
445 507 556 550 magis
574 506 730 540 studium
747 511 950 551 turmasque
965 507 1105 552 feroces,

152 552 226 586 Aut
242 551 380 596 Alphea
396 552 480 585 rotis
497 552 643 596 praelabi
659 552 805 586 flumina
824 553 924 597 Pisae,
1212 554 1279 588 180

153 597 199 632 Et
216 598 241 631 J
243 598 315 631 ovis
332 598 369 630 in
386 598 464 631 luco
482 609 601 631 currus
619 598 752 641 agitare
771 598 928 632 volant-es
945 611 954 640 ;

152 643 290 677 Primus
307 644 387 687 equi
405 643 501 677 labor
519 648 570 677 est
587 644 720 677 animos
737 647 845 687 atque
863 656 959 678 arma
975 644 1093 679 videre

151 689 362 733 Bellantum,
380 689 553 733 lituosque
570 690 655 734 pati,
673 694 857 733 tractuque
873 694 1071 734 gementem

153 735 256 769 Ferre
272 740 395 778 rotam7
413 740 448 769 et
466 735 733 769 stabulo'frenos
751 736 873 769 audire
890 740 1051 769 sonantes
1066 748 1075 777 ;

152 781 241 815 Tum
257 782 369 825 magis
385 786 491 825 atque
507 781 618 824 magis
635 781 772 814 blandis
789 782 940 825 gaudere
957 782 1117 826 magistri

151 827 338 870 Laudibus,
357 831 392 860 et
408 827 538 871 plausae
557 827 709 860 sonitum
725 828 868 860 cervicis
885 839 1010 861 amare.

151 873 267 917 Atque
284 873 357 906 haec
369 875 445 918 jam
461 873 572 917 primo
589 873 752 917 depulsus
769 873 812 906 ab
831 873 933 906 ubere
949 874 1072 907 matris

151 919 299 961 Audeat,
317 919 422 963 inque
438 920 550 952 vicem
567 919 626 952 det
642 918 804 952 mollibus
821 930 880 952 ora
897 920 1055 963 capistris

153 964 343 1008 Invalidus,
361 965 535 1009 etiamque
551 969 714 1007 tremens,
732 964 839 998 etiam
855 965 985 998 inscius
1002 965 1078 999 aevi.

151 1010 201 1044 At
221 1011 329 1044 tribus
346 1011 490 1054 exactis,
509 1010 567 1044 ubi
585 1015 709 1054 quarta
725 1011 907 1044 accesserit
925 1015 1036 1054 aestas,
1209 1012 1278 1046 190

153 1056 300 1101 Carpere
315 1068 397 1090 mox
415 1068 540 1100 gyrum
556 1056 712 1100 incipiat,
730 1056 963 1101 gradibusque
980 1068 1100 1091 sonare

153 1102 366 1147 Compositis,
385 1103 569 1146 sinuetque
585 1102 720 1136 alterna
737 1102 915 1136 volumina
931 1114 1080 1147 crurum,

153 1148 273 1193 Sitque
290 1148 464 1182 laboranti
481 1148 626 1188 similis,
651 1153 728 1181 tum
745 1148 900 1182 cursibus
917 1160 1029 1191 auras,

153 1194 242 1228 Tum
258 1199 366 1237 vocet,
383 1205 424 1228 ac
440 1206 502 1238 per
517 1197 640 1238 aperta
656 1193 786 1237 volans,
803 1205 866 1227 ceu
884 1194 971 1228 liber
986 1194 1142 1239 habenis,

151 1240 317 1284 AEquora,
335 1241 396 1273 vix
414 1251 550 1273 summa
565 1239 715 1283 vestigia
731 1244 839 1284 ponat
855 1252 961 1274 arena
976 1252 983 1274 ε

154 1286 275 1327 Qualis
291 1285 514 1330 hyperboreis
531 1285 647 1329 aquilo
666 1297 774 1329 quum
791 1286 918 1320 densus
935 1286 978 1320 ab
996 1286 1062 1320 oris

154 1332 328 1374 Incubuit,
347 1331 568 1376 Scythiaeque
584 1331 714 1364 hiemes
731 1335 836 1375 atque
852 1332 951 1366 arida
967 1332 1084 1366 differt

153 1377 284 1412 Nubila
300 1390 307 1411 :
332 1381 410 1411 tum
427 1382 558 1421 segetes
575 1377 655 1411 altae
673 1378 856 1422 campique
872 1382 1035 1412 natantes

153 1423 304 1457 Lenibus
321 1423 524 1457 horrescunt
540 1423 668 1466 flabris,
686 1435 898 1468 summaeque
915 1435 1070 1457 sonorem

153 1468 249 1503 Dant
267 1469 373 1512 silvae,
391 1469 554 1514 longique
571 1473 699 1513 urgent
715 1469 760 1502 ad
776 1469 879 1503 litora
894 1470 1023 1503 fluctus
1039 1482 1048 1511 3
1210 1472 1278 1505 200

154 1514 219 1548 Ille
237 1515 341 1559 volat,
359 1516 462 1549 simul
479 1526 562 1549 arva
578 1515 663 1558 fuga
681 1515 783 1548 simul
802 1527 939 1560 aequora
955 1527 1104 1553 verrens.

154 1561 222 1594 Hic
240 1561 295 1595 vel
312 1562 357 1594 ad
373 1561 451 1595 Ele'i
467 1566 578 1594 metas
595 1566 630 1594 et
645 1561 801 1594 maxima
818 1562 932 1606 campi

153 1606 301 1640 Sudabit
319 1607 440 1651 spatia,
458 1611 494 1640 et
511 1618 650 1651 spumas
667 1612 748 1650 aget
765 1618 822 1641 ore
839 1611 999 1641 cruentas
1013 1619 1022 1649 ;

153 1652 296 1696 Belgica
313 1653 368 1686 vel
384 1653 481 1686 molli
496 1653 621 1686 melius
638 1653 726 1686 feret
743 1653 863 1687 esseda
879 1653 975 1687 collo.

152 1693 243 1731 Tum
260 1698 400 1732 demum
418 1710 531 1732 crassa
545 1709 715 1742 magnum
731 1698 906 1743 farragine
923 1710 1046 1744 corpus

148 1744 310 1778 Crescere
323 1746 398 1789 jam
416 1745 556 1779 domitis
573 1745 677 1778 sinito
692 1756 701 1785 ;
725 1756 876 1789 namque
892 1751 975 1779 ante
992 1744 1204 1779 domandum
