1345 1927
118 69 183 100 392
426 66 462 100 P.
483 65 684 99 VIRGILII
711 65 924 100 MARONIS

118 131 264 173 Cognita
281 142 350 164 non
368 132 495 164 teneris
517 131 661 176 pedibus
678 131 839 175 Sicyonia
857 142 1004 175 servans,

117 177 194 209 Non
213 177 312 210 niveo
329 177 482 210 retinens
500 176 643 210 baccata
659 177 803 210 monilia
820 177 915 211 collo.
1171 179 1234 212 170

117 221 273 255 Multum
290 222 342 255 illi
360 222 490 256 incerto
509 223 686 267 trepidant
704 223 850 266 vestigia
868 234 987 256 cursu:

117 267 214 311 Saepe
231 267 321 301 redit
338 268 468 312 patrios
485 268 668 302 ascendere
686 269 822 312 prodita
839 279 964 312 muros,

116 313 307 356 Aeriasque
324 314 410 347 facit
427 325 566 348 causam
585 326 620 348 se
637 315 745 347 visere
763 319 875 348 turres
887 327 896 355 ;

116 358 213 402 Saepe
230 359 336 393 etiam
353 360 468 393 tristes
487 360 626 393 volvens
644 360 680 392 in
698 364 798 393 noete
816 359 971 404 querelas

116 403 262 438 Sedibus
279 416 322 438 ex
339 405 420 438 altis
437 405 514 439 eoeli
532 405 732 449 speculatur
748 417 909 448 amorem,

117 449 304 494 Castraque
322 455 518 495 prospectat
535 451 660 484 crebris
677 451 832 484 lucentia
849 451 1006 484 flammis.

114 494 224 529 Nulla
241 496 355 529 colum
372 497 486 530 novit:
501 500 632 530 'carum
649 508 711 530 nec
728 496 868 540 respicit
885 508 1018 531 aurum.

114 540 193 574 Non
210 546 336 585 arguta
354 547 478 575 sonant
496 542 593 575 tenui
612 542 776 586 psalteria
793 542 940 583 chorda3

114 585 194 620 Non
211 586 338 630 Libyco
355 587 475 621 molles
494 588 710 632 plauduntur
728 588 865 632 pectine
883 587 971 621 telae.

115 631 243 666 Nullus
260 633 297 665 in
314 644 371 666 ore
387 633 490 666 rubor
505 646 510 666 :
538 633 597 666 ubi
615 634 707 666 enim
725 633 837 676 rubor,
856 632 969 667 obstat
986 633 1102 667 amori.
1170 636 1235 667 180

114 678 231 722 Atque
248 678 308 711 ubi
325 678 424 712 nulla
440 679 541 713 malis
558 679 687 723 reperit
705 679 829 712 solatia
846 679 964 722 tantis,

115 723 391 768 Tabidulamque
409 725 504 758 videt
521 725 591 758 labi
612 736 672 769 per
690 725 821 758 viscera
837 729 1002 758 mortem:

115 769 190 810 Quo
208 774 309 803 vocat
325 770 374 803 ire
393 770 497 813 dolor,
516 770 684 814 subigunt
702 782 770 814 quo
788 770 929 804 tendere
947 771 1032 814 fata,

116 814 241 848 Fertur
252 819 287 849 et
304 815 459 848 horribili
477 827 629 860 praeceps
646 816 840 860 impellitur
857 820 969 858 oestro,

115 860 164 893 Ut
181 861 298 904 patris,
316 861 361 894 ah
379 861 529 904 demens,
544 862 674 895 crinem
692 862 734 895 de
752 862 880 895 vertice
897 862 1003 895 ferret

113 905 262 949 Furtim,
278 911 387 950 atque
404 911 528 951 arguto
546 908 729 940 detonsum
746 908 902 940 mitteret
918 907 1067 950 hosti,—

112 950 272 995 Namque
290 952 363 985 haec
380 953 532 986 conditio
549 953 681 986 miserae
698 953 904 997 proponitur
920 964 1039 986 una—-

113 996 193 1030 Sive
209 997 271 1031 illa
288 998 466 1042 ignorans:
492 999 570 1043 quis
587 1010 657 1032 non
673 998 783 1032 bonus
800 999 916 1032 omnia
931 998 1033 1032 malit

114 1041 267 1086 Credere,
285 1054 391 1087 quam
408 1047 506 1077 tanto
524 1044 649 1077 scelere
667 1044 831 1078 damnare
849 1043 1024 1088 puellam?

113 1087 194 1122 Heu
201 1092 317 1122 tamen
329 1089 585 1134 infelix—quid
599 1089 691 1123 enim
701 1089 939 1134 imprudentia
945 1089 1083 1134 prodest
1093 1089 1153 1123 2—-
1167 1092 1233 1124 190

112 1133 196 1168 Nise
213 1139 320 1179 pater,
339 1135 406 1178 cui,
424 1135 561 1179 direpta
578 1135 765 1169 crudeliter
782 1135 877 1177 urbe,

113 1179 183 1213 Vix
201 1180 266 1214 erit
283 1192 354 1214 una
371 1192 473 1225 super
490 1181 585 1215 sedes
602 1181 639 1214 in
656 1180 808 1214 turribus
825 1181 916 1224 altis,

112 1225 236 1259 Fessus
253 1226 314 1259 ubi
331 1231 507 1260 exstructo
524 1227 631 1271 possis
649 1227 823 1260 considere
840 1226 931 1260 nido.

112 1271 164 1305 Tu
182 1283 327 1316 quoque,
345 1273 429 1315 avis,
447 1273 611 1306 moriere:
638 1271 735 1306 dabit
753 1272 816 1305 tibi
834 1272 907 1305 filia
925 1283 1052 1316 poenas.

114 1317 280 1360 Gaudete,
299 1329 317 1351 0
335 1318 470 1359 celerem,
489 1318 646 1351 subnixae
664 1317 813 1351 nubibus
831 1318 921 1360 altis,

115 1363 200 1403 Quae
217 1374 322 1406 mare,
341 1375 417 1407 quae
436 1364 562 1398 virides
580 1364 683 1397 silvas
701 1363 864 1408 lucosque
882 1367 1043 1398 sonantes

114 1408 281 1451 Incolitis,
292 1409 452 1452 gaudete,
472 1421 568 1453 vagae
586 1409 792 1453 blandaeque
809 1409 964 1443 volucres
979 1422 988 1450 ;

113 1454 250 1498 Vosque
267 1455 362 1497 adeo,
381 1455 526 1489 humani
543 1460 690 1489 mutatae
707 1455 857 1500 corporis
874 1458 980 1498 artus,

113 1500 181 1533 Vos
199 1512 218 1533 o
236 1500 368 1534 crudeli
385 1501 537 1535 fatorum
555 1501 640 1545 lege,
658 1501 784 1546 puellae

111 1545 309 1589 Dauliades,
327 1547 477 1590 gaudete
491 1559 497 1580 :
517 1547 613 1580 venit
630 1547 806 1581 carissima
823 1546 919 1580 vobis
1160 1548 1229 1579 200

112 1592 282 1634 Cognatos
299 1603 430 1636 augens
447 1604 544 1636 reges
561 1603 814 1637 numerumque
832 1604 971 1626 suorum

112 1637 207 1679 Ciris,
226 1642 261 1671 et
278 1638 350 1681 ipse
368 1642 475 1682 pater.
503 1638 580 1681 Vos,
599 1650 617 1672 o
635 1638 869 1683 pulcherrima
885 1637 1061 1682 quondam

111 1682 268 1727 Corpora,
286 1684 449 1717 caeruleas
466 1685 663 1728 praevertite
680 1684 717 1717 in
735 1684 862 1718 aethera
880 1683 998 1726 nubes,

112 1728 188 1770 Qua
206 1740 314 1763 novus
331 1730 375 1763 ad
394 1730 558 1774 superum
576 1730 672 1764 sedes
690 1729 882 1774 Calcheius,
900 1733 935 1764 et
951 1741 1020 1775 qua
