1330 1932
408 63 628 98 AENEIDOS
653 64 743 98 LIB.
770 65 811 99 V.
1104 66 1167 98 181

53 128 231 162 Ooncussae
249 133 377 172 cautes,
390 135 425 163 et
443 134 546 163 acuto
564 131 600 163 in
617 132 749 164 murice
766 131 853 164 remi

53 174 182 207 Obnixi
199 186 371 219 crepuere,
389 176 549 219 illisaque
567 188 667 220 prora
684 177 860 220 pependit.

53 219 275 264 Consurgunt
292 226 419 264 nautae,
437 226 472 255 et
488 233 615 265 magno
633 223 780 255 clamore
796 226 978 255 morantur
993 233 1001 256 τ

51 265 280 310 Ferratasque
298 268 416 300 trudes
434 271 469 300 et
486 272 590 300 acuta
607 268 748 311 cuspide
767 272 884 301 contos

51 311 264 355 Expediunt,
282 312 477 356 fractosque
494 313 617 356 legunt
634 314 671 346 in
688 314 827 357 gurgite
843 325 963 348 remos,

51 356 100 390 At
116 356 218 390 laetus
235 357 449 401 Mnestheus,
468 370 694 403 successuque
711 360 821 392 acrior
837 359 921 403 ipso,
1103 361 1171 392 210

51 403 201 446 Agmine
217 414 392 437 remorum
409 404 521 447 celeri,
539 405 722 448 ventisque
738 406 883 447 voeatis,

52 447 165 482 Prona
181 449 271 493 petit
287 450 406 493 maria,
425 454 460 483 et
477 450 599 494 pelago
616 450 770 484 decurrit
787 455 916 494 aperto.

53 494 173 535 Qualis
191 495 355 539 spelunca
373 495 487 529 subito
505 500 675 529 commota
693 496 862 539 columba,

53 539 116 573 Oui
133 540 254 574 domus
272 545 307 574 et
324 541 441 574 dulces
459 541 629 575 latebroso
645 542 683 574 in
700 542 838 586 pumice
855 542 940 584 nidi,

52 585 178 619 Fertur
194 587 232 618 in
248 598 332 620 arva
348 587 478 630 volam,
496 587 727 631 plausumque
744 588 911 621 exterrita
928 587 1051 631 pennis

52 631 123 664 Dat
140 635 232 664 tecto
248 632 427 675 ingentem
442 645 450 673 ;
474 644 556 665 mox
573 634 653 666 ae're
670 634 767 677 lapsa
784 634 901 676 quieto

54 676 160 710 Radit
178 677 244 710 iter
259 677 442 721 liquidum,
460 678 585 711 celeres
601 690 714 722 neque
732 682 923 712 commovet
940 679 1012 712 alas
1026 690 1033 713 :

53 722 110 755 Sic
128 722 341 766 Mnestheus,
361 724 408 756 sic
426 724 501 767 ipsa
517 724 602 767 fuga
619 728 712 757 secat
728 725 855 757 ultima
873 724 995 757 Pristis

53 768 214 811 AEquora,
233 769 281 801 sic
298 769 395 801 illam
412 770 480 802 fert
497 769 648 813 impetus
665 770 738 813 ipse
755 770 940 803 volantem.

52 813 99 846 Et
116 814 267 857 primum
284 814 320 846 in
339 815 477 858 scopulo
494 815 690 848 luctantem
707 815 834 848 deserit
851 815 922 848 alto
1103 817 1171 848 220

53 858 253 902 Sergestum
269 859 498 903 brevibusque
515 861 622 903 vadis,
639 861 840 904 frustraque
857 864 1041 894 vocantem

52 904 206 948 Auxilia,
224 909 259 938 et
275 905 394 939 fractis
412 906 602 939 discentem
620 918 755 940 currere
771 907 884 941 reij.

53 950 139 983 Inde
157 951 256 994 Gyan
272 951 452 995 ipsamque
468 952 605 995 ingenti
621 953 711 986 mole
729 953 937 986 Chimaeram

53 996 281 1040 Consequitur
291 1010 299 1038 3
325 997 427 1041 cedit,
444 998 607 1041 quoniam
626 998 773 1042 spoliata
788 999 954 1042 magistro
972 1001 1034 1033 est.

53 1041 152 1075 Solus
164 1043 308 1086 jamque
324 1043 399 1087 ipso
417 1048 571 1087 superest
589 1044 626 1077 in
642 1044 712 1077 fine
730 1044 928 1087 Cloanthus,

54 1088 164 1128 Quem
181 1088 281 1132 petit,
299 1093 334 1122 et
351 1090 494 1122 summis
512 1090 662 1123 adnixus
680 1090 812 1123 viribus
829 1095 941 1134 urget.

52 1133 141 1166 Tum
158 1145 238 1167 vero
254 1135 448 1178 ingeminat
465 1135 603 1179 clamor,
621 1136 809 1179 cunctique
826 1140 1028 1179 sequentem

53 1179 230 1223 Instigant
247 1181 381 1223 studiis,
397 1186 602 1225 resonatque
618 1182 814 1225 fragoribus
831 1182 948 1215 aether.

54 1225 104 1258 Hi
120 1226 298 1269 proprium
316 1227 420 1259 decus
437 1230 472 1260 et
489 1232 630 1271 partum
647 1227 878 1271 indignantur
894 1227 1059 1261 honorem

53 1270 99 1304 Ni
116 1275 268 1314 teneant,
285 1272 464 1315 vitamque
480 1273 603 1306 volunt
620 1285 681 1317 pro
698 1273 801 1306 laude
818 1273 965 1317 pacisci3
1105 1275 1172 1306 230

54 1316 127 1349 Hos
146 1328 320 1350 successus
337 1317 401 1350 alit
415 1330 421 1351 :
447 1322 601 1362 possunt,
619 1319 702 1362 quia
718 1330 815 1363 posse
832 1319 1006 1353 videntur.

54 1362 100 1395 Et
116 1362 186 1395 fors
204 1364 348 1406 aequatis
366 1364 536 1407 cepissent
553 1364 696 1408 praemia
711 1365 840 1407 rostris,

53 1407 100 1440 Ni
117 1408 250 1452 palmas
267 1413 373 1453 ponto
391 1409 535 1442 tendens
552 1414 718 1453 utrasque
737 1410 925 1444 Cloanthus

54 1453 285 1497 Fudissetque
302 1466 429 1498 preceS,
448 1455 614 1499 divosque
630 1456 668 1489 in
685 1459 766 1490 vota
782 1460 955 1490 vocasset:

57 1501 73 1512 '⁴
88 1497 143 1537 Di,
162 1498 288 1540 quibus
304 1501 488 1543 imperium
505 1504 557 1532 est
574 1500 699 1544 pelagi,
717 1512 864 1544 quorum
882 1512 1018 1544 aequora
1034 1512 1143 1541 curro,

55 1542 160 1576 Vobis
177 1543 279 1576 laetus
297 1555 359 1587 ego
377 1544 440 1577 hoc
458 1545 664 1578 candentem
681 1546 718 1578 in
735 1545 836 1579 litore
852 1550 996 1578 taurum

55 1589 272 1622 Constituam
289 1594 370 1623 ante
384 1602 470 1633 aras,
487 1591 559 1623 voti
575 1602 663 1633 reus,
681 1595 831 1635 extaque
849 1591 953 1624 salsos

56 1634 244 1668 Porriciam
260 1635 297 1668 in
314 1636 451 1678 fluctus,
470 1640 505 1669 et
521 1637 603 1670 vina
620 1637 791 1681 liquentia
807 1636 981 1671 fundam.’'

56 1680 167 1723 Dixit,
184 1692 332 1724 eumque
349 1682 428 1714 imis
445 1682 509 1714 sub
525 1682 690 1715 fiuctibus
707 1683 822 1716 audiit
839 1683 949 1716 omnis

56 1726 247 1760 Nereidum
265 1727 458 1771 Phorcique
475 1728 607 1772 chorus,
620 1728 852 1773 Panopeaque
870 1729 986 1772 virge-3
1103 1730 1172 1762 240

1305 1005 1313 1040 fl
