1345 1927
172 61 240 94 248
510 59 729 94 AENEIDOS
754 60 841 94 LIB.
868 59 951 94 VII.

220 126 301 170 Ipse
317 125 409 159 inter
424 126 552 170 primos
569 127 750 170 praestanti
768 137 906 170 corpore
923 126 1061 159 Turnus

173 170 335 205 Vertitur
350 182 447 205 arma
463 175 594 213 tenens,
611 176 646 205 et
663 176 736 205 toto
753 172 882 205 vertice
901 182 1005 215 supra
1021 175 1096 205 est:

173 216 238 250 Cui
255 216 387 261 triplici
403 217 530 250 crinita
542 216 630 260 juba
646 217 745 260 galea
762 216 836 250 alta
854 216 1061 250 Chimaeram
1086 239 1092 244 -

174 261 342 305 Sustinet,
357 261 510 295 AEtnaeos
527 261 701 295 efflantem
718 261 877 295 faucibus
894 262 991 304 ignes
1006 275 1014 302 余

173 307 260 341 Tam
275 307 387 351 magis
403 307 465 341 illa
480 307 640 349 fremens,
658 312 693 340 et
710 307 868 340 tristibus
885 307 989 340 effera
1005 306 1163 350 flammis,

174 352 287 393 Quam
303 352 414 396 magis
431 352 538 386 offuso
555 352 763 385 crudescunt
782 353 951 395 sanguine
968 363 1105 396 pugnae.

173 398 222 431 At
239 398 350 431 levem
367 398 517 442 clipeum
534 397 681 430 sublatis
698 397 857 430 cornibus
876 397 914 431 Io

175 443 268 477 Auro
285 443 484 486 insignibat,
498 444 573 486 jam
590 443 681 476 saetis
698 443 818 484 obsita,
831 444 906 486 jam
923 442 993 486 bos,
1225 443 1291 477 790

174 488 431 531 Argumentum
448 488 579 531 ingens,
597 493 632 520 et
649 493 762 522 custos
781 489 924 531 virginis
941 488 1065 532 Argus,

175 533 372 576 Caelataque
388 544 525 566 amnem
542 533 691 566 fundens
708 537 808 577 pater
825 533 976 566 Inachus
993 545 1090 568 urna.

175 579 377 622 Insequitur
394 578 531 611 nimbus
548 578 716 622 peditum,
734 578 952 622 clipeataque
968 579 1051 612 totis

173 624 327 667 Agmina
344 624 534 657 densentur
550 623 690 667 campis,
709 624 910 667 Argivaque
927 623 1044 667 pubes,

173 669 416 712 Auruncaeque
433 680 567 711 manus,
587 669 720 711 Rutuli,
738 673 939 712 veteresque
956 668 1082 712 Sicani,

173 714 220 748 Et
237 714 395 748 Sacranae
413 715 512 757 acies,
530 720 565 747 et
583 715 668 758 picti
687 718 786 747 scuta
803 714 942 747 Labici:

175 760 243 801 Qui
260 760 379 802 saltus,
397 759 565 802 Tiberine,
583 765 670 802 tuos,
688 771 892 803 sacrumque
909 759 1051 793 Numici

173 805 273 838 Litus
290 810 401 847 arant,
420 805 637 849 Rutulosque
655 810 817 838 exercent
834 816 970 838 vomere
987 805 1100 848 coHes,

175 851 412 894 Cireaeumque
424 852 553 894 jugum
568 863 576 891 3
601 851 698 894 queis
716 850 858 894 Jupiter
876 850 1043 884 Anxurus
1060 851 1151 885 arvis

174 895 350 938 Praesidet,
368 900 403 929 et
420 896 523 929 viridi
540 896 696 939 gaudens
714 895 859 929 Feronia
876 895 973 935 luco余
1221 898 1290 931 800

175 941 251 983 Qua
268 941 402 975 Saturae
415 942 512 985 jacet
529 946 605 974 atra
622 941 731 985 palus,
749 941 953 984 gelidusque
970 953 1032 985 per
1048 942 1136 976 imas

175 987 308 1028 Quaerit
324 987 390 1020 iter
408 986 514 1020 valles
531 991 636 1030 atque
654 987 690 1019 in
707 997 802 1020 mare
819 987 981 1019 conditur
999 987 1116 1021 Ufens.

220 1033 293 1066 Hos
311 1044 413 1076 super
429 1032 572 1066 advenit
590 1032 714 1065 Volsca
731 1032 773 1064 de
789 1036 893 1075 gente
911 1031 1067 1075 Camilla,

173 1078 310 1122 Agmen
327 1089 433 1121 agens
450 1077 609 1121 equitum
626 1081 661 1110 et
678 1077 838 1110 florentes
855 1088 921 1110 aere
937 1082 1104 1121 catervas,

173 1123 345 1157 Bellatrix
360 1135 366 1156 :
391 1134 461 1156 non
478 1123 539 1155 illa
556 1122 629 1156 colo
647 1123 838 1156 calathisve
854 1122 1024 1156 Minervae

173 1168 354 1202 Femineas
371 1172 509 1202 assueta
525 1179 661 1209 manus,
679 1168 738 1201 sed
754 1168 877 1211 proelia
893 1168 990 1211 virgo

171 1214 270 1247 Dura
287 1214 371 1258 pati,
389 1225 559 1257 cursuque
575 1213 704 1257 pedum
721 1217 927 1257 praevertere
944 1218 1074 1248 ventos.

173 1260 240 1293 Illa
257 1259 312 1292 vel
329 1260 472 1292 intactae
490 1259 614 1302 segetis
632 1270 693 1302 per
707 1270 842 1292 summa
859 1259 991 1292 volaret

173 1305 348 1347 Gramina,
365 1316 429 1337 nec
446 1309 582 1338 teneras
599 1316 702 1338 cursu
718 1304 861 1338 laesisset
877 1304 1021 1345 aristas余

173 1350 237 1384 Vel
254 1361 348 1384 mare
365 1361 426 1394 per
441 1350 606 1393 medium,
623 1350 733 1383 fluctu
751 1361 918 1394 suspensa
934 1350 1095 1393 tumenti,
1221 1352 1290 1384 810

171 1395 292 1429 Ferret
308 1396 383 1438 iter,
401 1395 527 1429 celeres
543 1407 607 1429 nec
623 1396 775 1439 tingeret
792 1407 928 1439 aequore
946 1395 1092 1439 plantas.

172 1441 276 1474 Illam
293 1441 403 1474 omnis
420 1441 521 1474 tectis
538 1442 697 1485 agrisque
715 1441 822 1475 effusa
834 1442 1004 1485 juventus

171 1486 355 1530 Turbaque
371 1486 518 1520 miratur
534 1491 697 1530 matrum,
715 1491 750 1520 et
766 1490 964 1531 prospectat
981 1490 1132 1530 euntem,

171 1532 342 1565 Attonitis
358 1532 498 1565 inhians
515 1532 640 1565 animis
654 1545 660 1565 :
685 1536 727 1566 ut
743 1532 859 1575 regius
876 1536 966 1566 ostro

171 1576 274 1611 Velet
290 1577 398 1611 honos
414 1577 506 1610 leves
523 1577 693 1621 humeros,
710 1582 751 1611 ut
768 1578 876 1611 fibula
893 1578 1024 1611 crinem

171 1622 267 1656 Auro
283 1623 494 1656 internectat
508 1635 516 1663 余
541 1623 684 1666 Lyciam
700 1628 741 1657 ut
757 1627 856 1667 gerat
872 1624 948 1667 ipsa
963 1623 1171 1668 pharetram,

170 1666 218 1703 Et
234 1668 441 1712 pastoralem
458 1668 601 1714 praefixa
618 1669 759 1714 cuspide
775 1674 939 1713 myrtum.
