1345 1927
129 57 194 91 170
437 57 475 93 P.
493 58 697 93 VIRGILII
723 59 937 93 MARONIS

128 124 176 157 At
193 135 263 158 non
280 124 405 159 infelix
421 125 530 159 animi
548 125 737 168 Phoenissa,
754 137 866 169 neque
883 136 1038 169 uuquam

128 169 280 204 Solvitur
296 171 332 204 in
350 182 496 213 somnos,
513 171 663 205 oculisve
680 176 743 205 aut
760 178 897 214 pectore
915 175 1050 204 noctem
1179 171 1244 205 530

127 216 275 260 Accipit.
314 217 538 260 Ingeminant
556 228 646 251 cura>
661 230 669 258 ;
694 228 880 261 rursusque
897 226 1079 260 resurgens

128 261 234 295 Saevit
251 273 355 304 amor,
373 274 569 307 magnoque
587 263 716 296 irarum
734 263 885 296 fluctuat
903 267 999 296 aestu.

130 307 186 341 Sic
204 307 288 341 adeo
306 308 447 351 insistit,
466 320 651 352 secumque
670 309 720 342 ita
736 308 837 341 eorde
856 308 1014 341 volutat:

130 353 149 370 “
162 353 223 395 En,
243 352 326 396 quid
343 364 408 394 ago
425 352 437 386 '3
462 364 627 386 rursusne
644 364 761 397 procos
779 352 878 385 irrisa
895 352 1024 394 priores

128 395 297 440 Experiar
312 396 323 430 3
350 397 616 440 Nomadumque
634 403 748 441 petam
767 397 940 431 connubia
957 397 1114 443 supplex,

130 441 221 482 Quos
238 453 300 485 ego
318 442 382 475 sim
399 443 501 476 toties
513 445 589 487 jam
606 443 795 486 dedignata
812 443 954 477 maritos
969 443 980 477 2

130 487 255 521 Iliacas
272 488 382 531 igitur
398 488 522 521 classes
539 494 644 532 atque
660 489 786 522 ultima
797 489 968 522 Teucrum

128 533 235 566 Jussa
252 533 398 576 sequar?
425 534 550 577 quiane
567 534 698 567 auxilio
711 535 815 577 juvat
832 539 914 568 ante
932 535 1073 577 levatos,

128 578 202 611 Aut
219 579 305 613 bene
322 579 415 622 apud
432 590 598 612 memores
615 580 740 612 veteris
758 584 828 613 stat
844 580 959 623 gratia
974 581 1060 614 facti
1074 580 1087 614 ’ἒ

130 624 214 664 Quis
231 636 286 657 me
304 629 432 667 autem,
449 625 505 658 fac
522 625 620 667 velle,
647 625 759 658 sinet?
785 626 962 659 ratibusve
979 625 1136 670 superbis
1179 628 1248 660 540

130 669 288 703 Invisam
306 670 480 715 accipiet?
506 671 626 713 nescis,
644 671 714 704 heu
731 671 887 715 perdita!
913 671 1064 705 necdum

128 715 390 749 Laomedonteae
408 717 514 749 sentis
530 716 683 761 perjuria.
699 717 813 760 gentis
827 716 839 750 2

129 761 221 802 Quid
238 766 315 794 tum
330 761 342 795 2
368 761 438 796 sola
457 762 544 806 fuga
557 767 683 796 nautas
701 762 890 796 comitabor
907 766 1048 797 ovantes
1062 761 1076 797 Ἰ

129 806 184 839 An
202 807 313 851 Tyriis
331 808 492 851 omnique
508 819 615 841 manu
634 808 764 852 stipata
781 819 936 841 meorum

129 852 290 886 Inferar?
315 857 360 895 et,
378 864 461 897 quos
479 853 621 887 Sidonia
637 854 697 887 vix
714 853 799 887 urbe
816 854 946 898 revelli,

129 898 262 932 Rursus
279 910 380 942 agam
397 898 529 943 pelago,
547 904 582 932 et
599 899 712 933 ventis
730 899 811 933 dare
828 899 905 933 vela
917 899 1047 944 Jubebo
1061 899 1074 934 'l

129 944 221 985 Quin
238 956 379 987 morere,
396 949 437 978 ut
453 945 579 979 merita
595 956 640 988 es,
659 946 816 989 ferroque
834 951 952 979 averte
969 945 1132 980 dolorem.

128 989 180 1023 Tu
198 990 348 1024 lacrimis
365 991 478 1024 evicta
494 991 588 1034 meis,
606 995 646 1024 tu
664 991 777 1035 prima
793 991 968 1024 furentem

129 1035 204 1079 His,
221 1047 396 1079 germana,
413 1036 514 1069 malis
531 1048 662 1079 oneras,
679 1041 785 1080 atque
802 1036 922 1080 objicis
939 1036 1040 1072 hosti.

128 1081 161 1114 N
163 1093 206 1115 on
224 1082 325 1115 licuit
342 1082 490 1115 thalami
507 1087 685 1126 expertem
703 1083 775 1115 sine
793 1083 937 1116 crimine
954 1083 1064 1117 vitam
1181 1084 1250 1117 550

127 1126 271 1171 Degere,
288 1139 381 1161 more
397 1128 490 1171 serae,
508 1128 588 1161 talis
605 1139 669 1161 nec
686 1133 829 1171 tangere
846 1130 964 1162 curas!

129 1173 206 1206 Non
225 1177 360 1207 servata
376 1174 470 1216 fides,
489 1174 595 1207 cineri
613 1174 780 1217 promissa
797 1174 940 1217 Sychaeo
951 1172 980 1208 !”

128 1219 256 1252 Tantos
273 1219 335 1252 illa
352 1231 412 1253 suo
429 1219 614 1263 rumpebat
632 1224 769 1263 pectore
787 1224 939 1263 questus.

174 1265 301 1298 AEneas
319 1265 409 1298 celsa
425 1265 462 1298 in
479 1265 599 1309 puppi,
611 1266 687 1308 jam
705 1270 818 1298 certus
836 1265 952 1309 eundi,

129 1310 299 1354 Carpebat
316 1322 460 1354 somnos,
476 1311 579 1344 rebus
592 1312 667 1354 jam
684 1311 751 1344 rite
769 1312 909 1355 paratis.

130 1356 223 1389 Huic
241 1368 275 1389 se
292 1357 403 1390 forma
420 1357 475 1390 dei
493 1357 596 1390 vultu
612 1356 790 1390 redeuntis
807 1357 926 1390 eodem

129 1402 267 1435 Obtulit
283 1402 321 1435 in
338 1403 474 1445 somnis,
491 1414 680 1446 rursusque
696 1403 748 1436 ita
765 1403 839 1436 visa
855 1413 993 1436 monere
1009 1406 1071 1446 est,

129 1448 255 1481 Omnia
271 1448 445 1482 Mercurio
463 1448 595 1491 similis,
614 1459 803 1492 vocemque
819 1448 1036 1492 coloremque

127 1494 174 1527 Et
191 1494 302 1527 crines
319 1494 435 1537 flavos,
453 1499 488 1528 et
505 1494 660 1528 membra
677 1494 800 1528 decora
812 1495 969 1538 juventae
983 1506 989 1528 :

131 1541 254 1573 “Nate
271 1540 345 1581 dea,
360 1544 457 1583 potes
474 1538 538 1572 hoc
556 1539 619 1571 sub
637 1550 718 1572 casu
738 1539 862 1572 ducere
879 1539 1044 1572 somnos?
1185 1541 1253 1574 560

127 1583 209 1625 Nec,
229 1594 307 1626 quae
325 1587 360 1616 te
377 1583 508 1616 circum
525 1587 619 1617 stent
636 1583 762 1617 deinde
779 1583 942 1628 pericula,
960 1583 1098 1619 cernis?

127 1629 277 1662 Demens
293 1630 299 1662 !
326 1640 390 1662 nec
408 1629 574 1673 zephyros
592 1629 692 1663 audis
710 1629 840 1673 spirare
857 1629 1051 1664 secundos?

127 1674 195 1708 Illa
212 1675 306 1708 dolos
324 1675 508 1719 dirumque
524 1675 622 1708 nefas
640 1675 677 1708 in
696 1679 834 1719 pectore
846 1678 971 1719 versat,

128 1720 229 1754 Certa
244 1721 340 1764 mori,
359 1721 522 1766 varioque
539 1721 670 1754 irarum
688 1721 838 1755 fluctuat
855 1724 951 1755 aestu.
