1330 1932
436 104 655 139 AENEIDOS
680 101 767 138 LIB.
794 103 856 138 Vl.
1134 105 1204 138 200

84 170 193 204 Trans
209 174 357 214 pontum
373 171 486 215 fugat,
503 175 538 205 et
555 171 654 204 terris
671 171 833 204 immittit
849 170 985 215 apricis.

83 216 232 249 Stabant
248 221 384 249 orantes
401 217 506 261 primi
522 218 759 250 transmittere
776 228 924 259 cursum,

83 261 354 305 Tendebantque
370 273 494 295 manus
510 262 594 306 ripae
611 262 784 295 ulterioris
801 273 916 295 amore
930 274 939 303 ;

81 306 212 340 Navita
230 307 289 340 sed
307 307 416 340 tristis
432 319 526 340 nunc
544 308 615 350 hos,
632 319 726 340 nunc
744 308 871 351 accipit
888 307 988 342 illos:

81 351 146 384 Ast
163 351 248 384 alios
266 352 367 395 longe
385 352 558 385 submotos
575 357 670 386 arcet
688 364 803 386 arena.

81 396 217 436 AEneas,
235 398 382 430 miratus
399 398 492 430 enim
507 401 692 441 motusque
710 398 877 440 tumultu,

82 443 101 459 “
113 441 210 483 Dic,'’
227 441 288 483 ait,
306 443 323 458 ‘⁴
334 453 353 475 o
370 442 476 484 virgo,
493 442 578 486 quid
597 442 675 475 vult
690 452 873 474 concursus
890 441 935 473 ad
952 449 1090 472 amnem
1104 439 1117 472 ’.ἱ

82 486 216 526 Quidve
232 490 359 530 petunt
375 487 500 527 animae
514 487 526 520 2
551 487 605 520 vel
623 498 690 530 quo
707 486 903 519 discrimine
918 486 1012 528 ripas

82 531 148 564 Hae
165 531 339 574 linquunt,
356 531 424 565 illae
441 533 543 565 remis
559 532 649 566 vada
664 531 772 564 livida
788 534 931 563 verrunt
944 529 979 563 P’
1122 529 1189 562 320

81 576 150 610 Olli
167 576 216 609 sic
233 577 382 610 breviter
398 578 473 612 fata
488 582 540 611 est
556 578 714 620 long-aeva
731 576 885 610 sacerdos
901 587 909 609 ε

81 622 99 638 “
113 621 266 654 Anchisa
282 627 454 665 generate,
471 623 576 656 deum
593 621 783 655 certissima
799 621 922 665 proles

82 666 202 710 Cocyti
219 670 344 710 stagna
359 667 432 699 alta
449 666 555 709 vides,
573 665 800 709 Stygiamque
817 664 991 708 paludem,

81 711 127 745 Di
145 713 244 755 cujus
257 713 376 755 jurare
392 712 519 745 timent
536 715 570 744 et
587 711 708 744 fallere
724 721 864 743 numen.

82 757 169 790 Haec
187 757 306 800 omnis,
324 769 428 800 quain
446 757 566 799 cernis,
583 756 682 800 inops
699 756 952 799 inhumataque
968 755 1073 788 turba
1089 759 1141 789 est
1157 768 1164 797 ;

82 802 236 836 Portitor
251 803 320 844 ille,
336 802 471 835 Charon
486 815 494 841 ;
518 802 566 844 hi,
584 812 669 845 quos
686 801 783 834 vehit
800 801 905 843 unda,
923 801 1061 844 sepulti.

82 847 155 881 Nec
172 848 265 891 ripas
282 847 387 881 datur
403 847 590 880 horrendas
607 850 642 880 et
658 858 763 879 rauca
779 846 912 879 fluenta

82 893 330 937 Transportare
346 893 452 936 prius,
470 904 576 936 quam
594 892 731 925 sedibus
749 903 824 925 ossa
841 892 1015 935 quierunt.

83 939 232 972 Centum
248 942 366 971 errant
382 950 500 980 annos,
518 938 737 981 volitantque
753 937 829 970 haec
846 937 949 970 litora
966 937 1096 970 circum
1111 949 1117 972 :

83 984 172 1017 Tum
189 984 330 1016 demum
346 983 488 1017 admissi
506 987 630 1027 stagna
647 987 813 1027 exoptata
828 983 1015 1017 revisunt.”
1132 986 1199 1017 330

83 1029 248 1062 Constitit
264 1029 417 1062 Anchisa
434 1033 539 1072 satus,
556 1033 591 1062 et
608 1029 754 1072 vestigia
771 1029 904 1073 pressit,

83 1074 200 1108 Multa
216 1078 354 1119 putans,
373 1079 567 1118 sortemque
584 1075 700 1108 animo
716 1075 900 1107 miseratus
916 1074 1084 1118 iniquam.

84 1120 203 1153 Cernit
219 1120 268 1153 ibi
283 1124 420 1154 maestos
438 1124 473 1153 et
489 1121 609 1153 mortis
626 1120 754 1153 honore
771 1124 927 1154 carentes

83 1165 290 1209 Leucaspim
307 1170 342 1199 et
359 1165 473 1210 Lyciae
491 1166 670 1199 ductorem
687 1166 804 1199 classis
822 1166 986 1199 Orontem
1000 1178 1008 1200 :

85 1211 176 1252 Quos
194 1212 298 1244 simul
315 1223 336 1244 a
352 1211 453 1255 Troja
469 1215 613 1245 ventosa
630 1223 691 1255 per
708 1223 845 1255 aequora
862 1215 977 1245 vectos

85 1256 210 1290 Obruit
227 1261 353 1300 auster,
371 1268 462 1301 aqua
479 1257 658 1290 involvens
675 1268 869 1301 navemque
885 1257 1055 1301 virosque.

130 1302 219 1335 Ecce
237 1302 447 1346 gubernator
464 1314 535 1336 sese
551 1302 738 1336 Palinurus
755 1303 881 1346 agebat
895 1314 902 1336 ε

85 1348 154 1389 Qui
170 1347 299 1392 Libyco
316 1360 428 1392 nuper
445 1359 557 1391 cursu,
576 1348 660 1380 dum
677 1348 789 1382 sidera
806 1351 930 1392 servat,

84 1393 273 1427 Exciderat
290 1394 400 1438 puppi
417 1394 539 1427 mediis
557 1393 685 1427 effusus
702 1394 739 1427 in
755 1394 870 1428 undis.

84 1439 190 1472 Hunc
206 1439 268 1472 ubi
284 1439 345 1472 vix
361 1440 476 1473 multa
491 1443 652 1472 maestum
668 1440 829 1483 cognovit
844 1439 883 1473 in
899 1438 1032 1484 umbra,
1132 1442 1200 1475 340

84 1484 140 1518 Sic
156 1485 250 1529 prior
266 1484 476 1529 alloquitur:
501 1487 521 1504 “
532 1487 616 1526 Quis
633 1491 677 1527 te,
695 1486 868 1528 Palinure,
886 1485 1026 1518 deorum

83 1530 224 1574 Eripuit
241 1530 349 1574 nobis,
365 1531 548 1575 medioque
566 1531 629 1564 sub
646 1542 783 1575 aequore
799 1531 919 1563 mersit
933 1531 945 1564 Ὶ

83 1576 150 1609 Dic
167 1587 239 1620 age.
287 1576 447 1621 Namque
463 1577 560 1620 mihi,
576 1577 688 1610 fallax
704 1576 799 1610 haud
816 1580 898 1610 ante
914 1579 1081 1621 repertus,

84 1621 162 1655 Hoc
178 1633 249 1655 uno
265 1633 425 1666 responso
442 1623 599 1656 animum
615 1622 742 1656 delusit
758 1622 892 1666 Apollo,

85 1667 154 1708 Qui
169 1667 242 1700 fore
258 1671 294 1702 te
310 1672 416 1712 ponto
434 1668 652 1711 incolumem,
668 1667 821 1712 finesque
838 1667 985 1701 canebat

88 1715 284 1747 Venturum
301 1713 479 1746 Ausonios.
529 1713 583 1747 En
599 1713 671 1746 haec
688 1711 852 1757 promissa
867 1713 950 1745 fides
967 1714 1019 1746 est
1032 1711 1067 1745 ‘3⁵'

89 1759 156 1793 Ille
172 1763 310 1793 autem:
336 1759 485 1803 “Neque
501 1762 537 1793 te
554 1759 674 1833 Phoelbi
691 1760 824 1793 cortina
840 1759 976 1803 fefellit,
