1345 1927
97 90 143 121 44
406 85 444 120 P.
463 84 668 119 VIRGILII
694 83 910 118 MARONIS

97 154 239 187 Tmolus
256 156 292 187 et
307 153 460 197 assurgit
478 152 604 196 quibus
621 156 656 185 et
672 163 734 184 rex
752 151 824 195 ipse
842 150 1015 183 Phanaeus
1029 161 1038 191 ;

98 199 302 243 Argitisque
318 199 441 241 minor,
459 198 517 232 cui
534 209 605 231 non
622 197 808 231 certaverit
824 196 908 230 ulla.

99 245 172 278 Aut
189 249 330 278 tantum
346 244 463 287 fluere,
481 248 544 277 aut
560 243 707 277 totidem
724 242 848 276 durare
865 253 927 286 per
942 252 1060 275 annos.
1157 242 1223 274 100

98 290 133 324 N
134 302 179 324 on
195 302 258 335 ego
276 294 320 334 te,
339 290 391 323 dis
409 294 444 323 et
460 289 587 322 mensis
604 292 747 332 accepta
764 288 936 331 secundis,

99 336 320 379 Transieriin,
339 335 486 378 Rhodia,
504 339 539 368 et
556 334 712 377 tumidiS,
729 333 906 378 Bumaste,
924 332 1079 367 racemis.
1115 337 1150 359 ‘r‘

99 382 166 416 Sed
184 394 306 425 neque,
325 393 430 426 quam
446 381 568 414 multae
586 380 726 424 speeies,
744 390 818 422 nec,
835 374 1071 423 nomina‘quae
1088 379 1169 421 sint,

99 427 163 461 Est
180 439 344 462 numerus
360 441 368 468 3
392 439 504 471 neque
522 427 615 460 enim
632 437 776 459 numero
793 425 1038 469 comprendere
1054 424 1178 458 refert:

101 474 213 514 Quem
229 474 290 518 qui
307 474 393 507 scire
411 473 506 516 velit,
522 472 644 516 Libyci
663 472 747 505 velit
765 471 909 514 aequoris
925 470 1019 504 idem

99 519 241 553 Discere
258 531 363 564 quam
379 519 501 552 multae
519 518 669 562 zephyro
687 517 874 550 turbentur
891 527 1003 550 arenae
1017 529 1026 558 ς

101 565 184 608 Aut,
201 565 263 598 ubi
280 565 429 608 navigiis
447 564 630 597 violentior
647 563 772 596 incidit
790 573 903 605 eurus,

100 611 218 653 Nosse,
236 615 321 655 quot
339 611 429 644 Ionii
447 610 591 643 veniant
608 609 652 642 ad
670 609 773 642 litora
790 608 928 641 fluctus.

147 656 182 689 N
183 668 221 690 ec
239 667 319 690 vero
336 661 436 690 terrae
455 655 543 689 ferre
561 666 679 688 omnes
696 654 813 687 omnia
830 657 985 697 possunt.

101 702 324 735 Fluminibus
341 702 470 744 salices,
489 701 679 745 crassisque
696 699 883 744 paludibus
901 699 974 732 alni
1161 699 1228 732 110

101 748 314 790 Nascuntur,
334 748 468 781 steriles
486 747 616 781 saxosis
633 746 810 780 montibus
827 745 903 790 orni
918 751 1019 786 ;s

100 793 220 827 Litora
235 794 396 838 myrtetis
413 793 591 827 laetissima
605 798 626 833 ;'
639 792 789 836 denique
805 795 944 834 apertos

101 839 262 873 Bacchus
279 845 375 873 amat
392 840 506 882 colles,
524 839 723 883 aquilonem
740 843 775 871 et
791 838 922 880 frigora
938 836 1026 882 taxi⁴

101 885 229 930 Aspice
245 889 281 919 et
297 886 461 919 extremis
479 885 651 918 domitum
668 883 858 917 cultoribus
876 882 1002 927 orbem,

79 931 261 975 ‘ansque
279 931 401 965 domus
418 931 583 973 Arabum,
601 931 782 974 pictosque
801 928 957 963 Gelonos.

101 976 232 1011 Divisae
248 977 426 1011 arboribus
444 977 565 1021 patriae
581 989 587 1009 z
613 976 685 1009 sola
705 976 809 1008 India
825 975 968 1018 nigrum

102 1023 186 1056 Fert
203 1023 352 1057 ebenum
366 1036 374 1064 ;
401 1023 480 1056 solis
498 1027 550 1056 est
566 1022 693 1065 thurea
709 1022 809 1065 virga
825 1020 963 1054 Sabaeis.

103 1069 197 1110 Quid
214 1069 280 1103 tibi
297 1069 439 1103 odorato
455 1069 604 1102 referam
621 1067 786 1101 sudantia
803 1067 899 1110 ligno
955 1107 958 1108 ⁷

101 1115 343 1159 Balsamaque,
361 1120 396 1149 et
412 1115 535 1148 baccas
553 1125 687 1158 semper
704 1113 898 1156 frondentis
915 1111 1057 1146 acanthi
1071 1111 1084 1145 ’ἒ

103 1161 196 1202 Quid
212 1172 354 1194 nemora
369 1161 589 1205 AEthiopum,
604 1160 702 1193 molli
720 1158 883 1192 canentia
899 1158 982 1192 lana
995 1158 1008 1192 Ἰ
1163 1159 1229 1191 120

103 1206 311 1251 Velleraque
326 1213 368 1240 ut
384 1207 476 1240 foliis
494 1207 681 1250 depectant
698 1201 819 1239 tenuia
837 1204 957 1238 Seres?

104 1253 177 1290 Aut
194 1264 278 1297 quos
296 1253 432 1286 Oceano
449 1253 588 1297 propior
604 1252 696 1296 gerit
713 1251 817 1285 India
832 1250 938 1293 lucos,

65 1291 263 1332 zExtremj
280 1298 376 1332 sinus
393 1298 483 1331 orbis
497 1298 509 1331 2
537 1298 597 1331 ubi
613 1299 696 1331 aera
712 1297 851 1339 vincere
867 1307 1043 1330 summum

101 1345 243 1378 Arboris
260 1345 355 1378 haud
372 1344 454 1378 uilae
467 1348 568 1388 Jactu
585 1348 729 1388 potuere
746 1342 892 1386 sagittae.

101 1390 149 1424 Et
165 1402 251 1434 gens
267 1391 330 1424 ina
347 1391 489 1434 quidem
506 1390 629 1423 sumtis
645 1401 716 1423 non
733 1389 834 1422 tarda
851 1388 1032 1433 pharetris.

83 1433 222 1470 ‘Media
238 1436 308 1470 fert
324 1437 442 1470 tristes
459 1447 558 1482 suc-os
574 1435 785 1480 tardumque
802 1445 959 1479 saporem

103 1482 230 1516 Felicis
246 1482 332 1516 mali
341 1495 350 1523 ;
369 1493 438 1526 quo
454 1487 524 1515 hon
542 1482 747 1526 praesentius
763 1481 888 1524 ullum,

102 1527 234 1562 Pocula
251 1528 279 1561 si
297 1528 438 1571 quando
455 1539 553 1561 saevae
570 1528 720 1561 infecere
736 1538 903 1567 novercae,

107 1573 415 1619 [Miscueruntque
432 1572 558 1606 herbas
574 1579 610 1607 et
625 1584 696 1606 non
712 1572 859 1606 innoxia
874 1568 1007 1614 verba,]

103 1620 289 1653 Auxilium
306 1620 414 1663 venit,
430 1631 471 1653 ac
487 1619 650 1652 membris
667 1619 742 1662 agit
759 1622 836 1652 atra
852 1629 996 1652 venena.
1162 1619 1229 1652 130

105 1666 187 1710 Ipsa
203 1666 328 1709 ingens
345 1665 453 1707 arbos,
472 1665 666 1708 faciemque
684 1665 862 1698 simillima
877 1664 975 1698 lauro
989 1676 998 1706 ;

103 1711 160 1753 Et,
179 1712 207 1745 si
223 1723 292 1745 non
311 1712 420 1745 alium
437 1711 508 1745 late
520 1713 673 1755 jactaret
689 1711 837 1753 odorem,

104 1758 237 1791 Laurus
254 1762 329 1791 erat
342 1771 351 1799 ,ε
376 1757 460 1791 folia
477 1757 572 1791 haud
591 1757 670 1790 ullis
687 1757 841 1790 labentia
858 1757 996 1799 ventis;
