1330 1932
403 69 618 104 AENEIDos
643 69 730 104 ΜΒ.
748 69 818 119 Ἠ.
1102 73 1170 105 205

56 137 247 182 Postquam
263 138 364 171 ilium
381 139 454 172 vita
471 139 580 171 victor
597 137 759 181 spoliavit
777 137 940 180 Achilles,

55 184 231 217 Dardanio
248 184 366 216 AEneae
384 195 455 217 sese
471 184 677 217 fortissimus
694 183 793 216 heros

56 229 249 262 Addiderat
267 229 408 273 socium,
425 241 495 262 non
511 229 675 262 inferiora
692 233 839 262 secutus.
1105 230 1170 264 170

55 274 123 308 Sed
140 279 226 318 tum,
242 275 332 307 forte
349 286 434 308 cava
450 275 535 307 dum
551 279 713 318 personat
729 285 868 318 aequora
885 274 1016 308 concha

55 319 215 362 Demens,
233 324 268 352 et
285 324 392 353 cantu
408 324 509 353 vocat
525 320 563 353 in
579 320 770 353 certamina
787 320 894 363 divo&

54 365 216 398 AEmulus
233 370 419 409 exceptum
435 365 566 409 Triton,
584 366 613 398 si
629 366 766 399 credere
783 366 930 409 dignum
947 370 1009 410 est,

55 410 154 444 Inter
171 422 255 444 saxa
271 411 385 444 virum
403 422 564 455 spumosa
580 411 796 445 immerserat
812 411 916 446 unda.

54 455 146 499 Ergo
163 467 279 489 omnes
295 468 421 499 magno
439 457 570 490 circum
587 457 735 490 clamore
752 457 947 491 fremebant
959 469 970 499 3

53 500 231 545 Praecipue
248 502 327 545 pius
347 502 483 536 AEneas.
532 503 621 535 Tum
633 504 732 546 jussa
749 503 900 546 Sibyllae,

54 546 161 580 Haud
177 558 283 590 mora,
300 548 470 580 festinant
486 548 617 591 fientes,
635 560 800 592 aramque
817 548 967 592 sepulcri

54 592 243 636 Congerere
260 593 449 635 arboribus,
467 593 620 637 coeloque
637 594 783 627 educere
800 599 946 628 certant.

54 637 133 670 Itur
149 639 186 670 in
203 639 385 682 antiquam
403 639 534 681 silvam,
553 639 690 672 stabula
707 640 779 673 alta
796 640 948 673 ferarum
962 651 969 674 :

53 682 293 717 Procumbunt
309 685 415 728 piceae
432 696 440 725 ;
466 688 564 717 sonat
580 685 651 718 icta
668 685 843 718 securibus
859 685 931 719 ilex
948 698 957 727 3
1104 687 1169 720 180

53 728 80 760 F
83 729 302 772 raxineaeque
319 728 433 762 trabes
450 730 568 763 cuneis
585 735 621 764 et
637 731 740 763 fissile
757 731 861 764 robur

53 773 232 807 Scinditur
249 787 256 814 ;
281 775 474 809 advolvunt
490 776 649 818 ingentes
665 775 842 809 montibus
859 787 968 811 ornos.

53 820 124 852 Nec
141 831 211 853 non
226 820 355 853 AEneas
372 832 475 864 opera
491 821 583 854 inter
599 821 686 854 talia
702 822 835 865 primus

53 865 226 898 Hortatur
242 866 358 908 socios,
375 865 585 910 paribusque
602 867 798 910 accingitur
814 867 920 901 armis
934 880 942 902 ε

51 910 166 954 Atque
183 911 257 944 haec
273 912 346 954 ipse
364 923 424 945 suo
442 911 535 945 tristi
552 924 633 945 cum
649 913 751 945 corde
767 913 914 956 volutat,

50 956 242 1000 Aspectans
259 957 383 990 silvam
398 957 612 1001 immensam,
631 962 666 991 et
683 958 731 991 sic
748 969 829 992 voce
846 963 1029 1002 precatur:

49 1003 68 1019 ‘⁴
82 1002 118 1036 Si
134 1013 227 1035 nunc
244 1013 279 1035 se
294 1001 392 1034 nobis
408 1000 468 1034 ille
484 1013 610 1035 aureus
626 1001 744 1035 arbore
760 1014 876 1035 ramus

51 1047 220 1080 Ostendat
236 1058 373 1079 nemore
389 1046 426 1079 in
443 1051 540 1080 tanto
558 1050 564 1082 !
591 1047 729 1091 quando
747 1048 861 1081 omnia
877 1058 956 1081 vere

49 1092 131 1125 Heu
148 1092 295 1125 nimium
312 1092 354 1124 de
370 1095 405 1125 te
421 1096 527 1130 vates,
545 1092 686 1130 Misene,
704 1093 820 1126 locuta
838 1092 922 1125 est.'’

51 1138 120 1170 Vix
138 1148 178 1170 ea
194 1137 289 1170 fatus
305 1141 390 1179 erat,
407 1137 555 1179 geminae
573 1149 681 1181 quum
698 1138 786 1171 forte
803 1138 971 1173 columbae
1101 1143 1165 1175 190

51 1183 134 1227 Ipsa
149 1182 213 1215 sub
229 1193 288 1215 ora
306 1182 372 1215 viri
390 1182 474 1215 coelo
491 1194 614 1216 venere
631 1184 798 1226 volantes,

50 1228 97 1261 Et
114 1228 218 1262 viridi
235 1227 351 1260 sedere
368 1227 446 1260 solo.
495 1228 584 1261 Tum
599 1230 774 1262 maximus
790 1230 889 1263 heros

50 1273 229 1307 Maternas
244 1273 401 1316 agnoscit
419 1284 508 1315 aveS,
526 1274 694 1317 laetusque
711 1280 874 1318 precatur
890 1288 896 1309 :

49 1317 71 1334 ‘⁶
83 1318 165 1350 Este
182 1318 296 1360 duces,
313 1329 342 1360 o,
358 1317 387 1351 si
404 1327 473 1361 qua
490 1316 547 1350 via
563 1320 626 1359 est,
645 1329 851 1363 cursumque
869 1332 929 1364 per
945 1332 1047 1354 auras

51 1364 201 1407 Dirigite
217 1364 255 1397 in
271 1364 375 1407 lucos,
392 1365 453 1397 ubi
470 1365 637 1408 pinguem
654 1366 749 1399 dives
766 1373 890 1411 opacat

52 1410 182 1443 Ramus
199 1410 353 1443 humum.
402 1411 523 1454 Tuque
540 1422 569 1452 o,
587 1410 700 1445 dubiis
716 1424 760 1446 ne
777 1413 884 1446 defice
900 1413 1013 1457 rebus,

50 1456 141 1489 Diva
157 1455 312 1499 parens.”
361 1455 416 1489 Sic
433 1456 556 1489 effatus
575 1458 720 1501 vestigia
737 1459 869 1502 pressit,

52 1502 245 1535 Observans
262 1513 339 1544 quae
357 1502 457 1546 signa
473 1502 598 1545 ferant,
616 1513 684 1546 quo
701 1503 843 1537 tendere
859 1507 1018 1548 pergant.

51 1547 236 1581 Pascentes
252 1547 322 1580 iuae
339 1552 480 1582 tantum
496 1548 633 1592 prodire
649 1548 806 1592 volando,

52 1594 232 1634 Quantum
248 1594 321 1627 acie
338 1598 478 1638 possent
495 1594 586 1627 oculi
603 1605 737 1628 servare
754 1599 971 1638 sequentum.
1099 1597 1167 1630 200

52 1639 140 1672 Inde
156 1638 217 1672 ubi
233 1651 357 1673 venere
374 1640 418 1673 ad
435 1640 553 1673 fauces
569 1640 800 1683 graveolentis
817 1641 959 1685 Averni,

51 1683 195 1718 Tollunt
212 1696 246 1718 se
263 1685 388 1718 celeres
403 1698 411 1725 ;
436 1685 678 1729 liquidumque
693 1697 755 1730 per
771 1687 853 1720 aera
869 1687 976 1731 lapsae

51 1730 198 1765 Sedibus
213 1731 343 1776 optatis
359 1731 505 1776 geminae
523 1743 625 1776 super
640 1731 758 1766 arbore
775 1732 907 1778 sidunt,
