1345 1927
105 47 150 80 72
409 47 678 82 GEORGICON
705 48 792 82 LIB.
818 47 888 85 111.

102 112 269 157 Tempore
285 125 358 147 non
373 113 442 146 alio
459 113 583 146 djcunt
599 113 798 156 regionibus
815 113 886 147 illis

103 158 275 200 Quaesitas
292 160 337 193 ad
355 170 452 192 sacra
467 158 571 192 boves
588 159 612 192 J
615 159 749 202 unonis,
767 164 802 193 et
820 160 893 193 uris

102 204 304 249 Imparibus
322 206 444 238 ductos
463 204 537 238 alta
554 204 599 237 ad
616 204 759 238 donaria
776 216 907 238 currus.

100 249 194 294 Ergo
211 263 302 295 aegre
318 251 438 284 rastris
456 255 585 283 terram
601 250 784 294 rimantur,
802 255 837 284 et
854 251 938 295 ipsis

101 295 289 340 Unguibus
306 296 485 330 infodiunt
501 296 629 339 fruges,
646 301 851 340 montesque
868 309 930 341 per
945 297 1035 331 altos

101 341 274 376 Contenta
292 343 424 376 cervice
441 342 588 375 trahunt
606 342 792 376 stridentia
808 342 975 386 plaustra.

99 387 180 422 Non
196 389 302 433 lupus
319 388 463 422 insidias
481 388 641 432 explorat
658 388 763 422 ovilia
781 389 921 432 circum,

99 433 173 467 Nec
189 435 354 479 gregibus
371 438 563 467 nocturnus
581 434 783 468 obambulat
797 447 806 475 3
831 435 942 468 acrior
956 434 1059 468 illum

100 480 192 514 Cura
208 481 326 514 domat
341 493 348 514 ;
374 480 492 513 timidi
509 480 619 513 damae
637 481 799 524 cervique
815 480 958 524 fugaces

98 525 132 559 N
134 537 203 559 unc
220 527 381 569 interque
399 537 501 558 canes
519 530 555 559 et
573 526 705 558 circum
722 530 816 560 tecta
833 531 1018 570 vagantur.
1158 528 1230 560 540

98 571 125 605 J
127 583 184 604 am
200 572 305 605 maris
323 571 485 604 immensi
501 571 633 615 prolem
650 576 686 604 et
702 583 813 615 genus
829 583 930 605 omne
947 576 1146 616 natantum,

97 616 215 651 Litore
231 618 270 651 in
287 622 453 658 extremo,
472 628 536 651 ceu
552 617 725 661 naufraga
743 628 895 662 corpora,
912 618 1042 652 fluctus

97 662 235 697 Proluit
249 677 258 705 ;
283 663 432 696 insolitae
449 663 595 706 fugiunt
612 663 650 696 in
666 663 814 696 flumina
830 664 959 708 phocae.

97 708 226 743 Interit
243 717 279 743 et
296 709 412 743 curvis
428 709 560 742 frustra
578 709 720 742 defensa
737 709 880 743 latebris

97 754 235 799 Vipera,
253 760 288 789 et
305 755 449 788 attoniti
467 755 618 799 squamis
635 755 832 788 astantibus
849 755 963 800 hydri.

96 800 186 845 Ipsis
204 806 256 835 est
272 802 332 835 aer
349 800 471 834 avibus
487 812 558 834 non
576 811 704 845 aequus,
722 805 757 834 et
773 801 843 834 illae

94 846 298 892 Praeeipites
317 846 390 880 alta
407 847 518 880 vitam
535 845 599 879 sub
615 847 708 880 nube
724 847 940 891 relinquunt.

94 892 268 926 Praeterea
281 894 357 937 jam
373 903 437 925 nec
453 892 586 925 mutari
602 892 732 937 pabula
748 894 865 936 refert,

95 938 328 982 Quaesitaeque
344 943 472 972 nocent
489 944 580 971 artes
596 951 604 978 ;
630 950 760 972 cessere
776 938 947 982 magistri,

93 983 305 1028 Phillyrides
324 984 462 1027 Chiron,
480 984 807 1028 Amythaoniusque
824 985 1032 1029 Melampus.
1156 987 1226 1021 550

93 1030 213 1074 Saevit,
231 1036 267 1064 et
284 1031 322 1063 in
338 1030 454 1063 lucem
471 1029 604 1074 Stygiis
622 1030 746 1063 emissa
763 1030 915 1064 tenebris

92 1075 231 1110 Pallida
249 1075 437 1120 Tisiphone
454 1076 590 1109 morbos
607 1077 682 1119 agit
699 1081 783 1110 ante
799 1081 1013 1120 metumque,

91 1121 206 1166 Inque
221 1123 293 1156 dies
311 1122 455 1155 avidum
473 1133 617 1165 surgens
635 1126 742 1166 caput
759 1122 865 1156 altius
882 1122 991 1156 effert.

90 1167 221 1202 Balatu
237 1179 402 1212 pecorum
419 1172 454 1201 et
471 1167 598 1200 crebris
615 1168 810 1211 mugitibus
827 1179 946 1201 amnes

89 1214 309 1258 Arentesque
327 1218 451 1246 sonant
468 1213 553 1257 ripae
571 1214 745 1258 collesque
762 1214 889 1258 supini.

90 1260 243 1304 Jamque
261 1259 470 1293 catervatim
487 1259 548 1293 dat
566 1265 728 1303 stragem,
745 1264 852 1303 atque
869 1263 1014 1304 aggerat
1029 1259 1115 1304 ipsis

90 1306 134 1339 In
152 1306 298 1340 stabulis
315 1305 412 1349 turpi
429 1305 564 1349 dilapsa
581 1306 751 1340 cadavera
767 1306 859 1349 tabo,

88 1351 208 1385 Donec
224 1352 332 1385 humo
351 1356 467 1394 tegere
485 1362 525 1384 ac
542 1352 652 1385 foveis
669 1352 878 1385 abscondere
895 1352 1046 1386 discunt.

88 1397 182 1432 Nam
198 1409 310 1441 neque
328 1402 403 1430 erat
421 1397 522 1430 coriis
539 1409 624 1431 usus
639 1411 647 1439 ;
671 1409 736 1431 nec
753 1398 886 1431 viscera
903 1398 1089 1442 quisquam

88 1444 163 1477 Aut
179 1444 283 1477 undis
301 1443 437 1476 abolere
455 1447 570 1487 potest
587 1448 650 1477 aut
668 1444 806 1477 vincere
822 1444 985 1478 flamma:
1151 1445 1222 1478 560

88 1489 161 1523 Nec
178 1490 322 1523 tondere
340 1489 482 1532 quidem
498 1489 618 1523 morbo
635 1490 827 1534 illuvieque
843 1501 965 1534 peresa

89 1535 237 1579 Vellera,
256 1547 319 1568 nec
337 1535 424 1568 telas
441 1540 587 1579 possunt
604 1536 780 1579 attingere
796 1540 926 1580 putres.

88 1580 221 1616 Verum
238 1582 353 1623 etiam,
371 1581 500 1613 invisos
518 1581 546 1614 si
564 1582 642 1625 quis
659 1586 816 1615 tentarat
833 1582 994 1623 amictus,

26 1627 40 1640 ²
87 1626 260 1662 Ardentes
277 1627 417 1671 papulae
435 1631 541 1670 atque
558 1627 762 1660 immundus
780 1627 911 1661 olentia
927 1627 1032 1660 sudor

86 1671 247 1707 Membra
263 1673 480 1717 sequebatur,
499 1684 563 1706 nec
579 1673 682 1716 longo
701 1673 826 1706 deinde
841 1673 993 1707 moranti

86 1717 254 1764 Tempore
271 1724 448 1753 contactos
465 1724 561 1753 artus
579 1730 675 1753 sacer
690 1719 782 1763 iguis
799 1718 932 1753 edebat.
