1345 1927
172 68 240 102 276
494 67 532 101 P.
558 67 763 101 VIRGILII
788 66 1002 101 MARONIS

173 131 244 170 Qui
261 132 336 165 vita
352 130 439 165 bene
457 132 574 166 credat
591 133 669 176 emi,
688 144 756 177 quo
773 132 896 174 tendis,
915 129 1114 165 honorem.”

171 178 277 211 Nisus
294 178 339 211 ad
356 178 431 211 haec
447 190 453 211 :
480 180 498 194 “
510 179 680 222 Equidem
699 179 741 212 de
759 184 793 212 te
811 178 860 210 nil
878 178 948 210 tale
966 177 1108 210 verebar
1124 188 1132 210 ε
1343 174 1345 234 1

171 224 243 259 Nec
260 224 543 259 ἰῆς-11011110,
559 235 614 258 me
629 224 757 258 referat
774 224 837 257 tibi
854 235 1003 268 magnus
1019 227 1182 258 ovantem

171 271 323 314 Jupiter,
341 274 404 304 aut
420 271 630 315 quicumque
647 270 755 303 oculis
772 270 846 303 haec
863 270 988 314 aspicit
1005 270 1120 314 aequis.

171 315 236 350 Sed
255 317 283 350 si
301 317 502 361 quis—quse
518 316 632 349 multa
649 315 744 348 vides
761 315 959 348 discrimine
976 315 1087 349 tali—
1221 316 1288 348 210

171 361 207 395 Si
225 362 302 406 quis
319 363 356 395 in
373 362 556 395 adversum
572 361 687 406 rapiat
705 372 846 394 casusve
864 361 1002 404 deusve,

171 407 217 440 Te
235 419 410 452 superesse
426 407 556 448 1011111,
581 411 644 440 tua
660 407 734 440 vita
751 407 887 450 dignior
903 410 996 440 aetas.

171 452 234 495 Sit,
253 454 313 497 qui
329 465 384 486 me
400 457 540 497 raptum
558 463 677 497 pugna
693 453 848 496 pretiove
864 452 1060 486 redemtum

171 498 317 532 Mandet
333 499 440 532 humo
457 511 465 539 3
491 498 591 531 solita
608 502 670 531 aut
687 498 715 531 si
733 509 802 541 qua
819 498 854 531 id
872 498 1013 531 fortuna
1029 497 1172 541 vetabit,

170 543 316 577 Absenti
332 544 423 577 ferat
440 544 590 586 inferias,
608 543 814 586 decoretque
831 543 996 587 sepulcro.

170 589 248 623 Neu
263 589 369 623 matri
385 589 518 622 miserae
535 589 627 630 tanti
644 589 709 621 sim
726 599 830 621 causa
847 589 971 622 doloris
985 601 991 622 :

171 635 256 676 Quae
273 639 309 668 te
326 634 406 677 sola,
424 645 519 678 puer,
536 634 657 667 multis
675 644 693 667 e
709 633 879 667 matribus
896 645 980 667 ausa

173 679 407 722 Persequitur,
423 678 544 722 magni
560 688 624 711 nec
641 678 770 711 moenia
787 684 886 711 curat
904 678 1068 711 Acestae.’'

173 723 238 756 Ille
255 729 373 757 autem
389 735 395 756 z
424 725 441 740 ‘⁴
454 724 580 757 Causas
597 723 837 767 nequidquam
854 725 964 757 nectis
980 724 1111 767 inanes,

172 769 203 801 N
206 780 244 802 ee
262 780 339 802 mea
349 770 424 812 jam
443 773 580 802 mutata
597 769 671 802 loco
689 769 863 803 sententia
879 769 980 803 cedit.
1224 770 1292 803 220

170 814 442 855 Acceleremus‚”
459 815 520 848 ait.
571 815 704 853 Vigiles
722 815 822 847 simul
842 816 984 848 excitat.
1035 815 1094 849 Illi

168 857 376 902 Succedunt,
395 862 603 902 servantque
619 859 710 891 vices
724 871 731 892 ε
758 859 906 893 statione
922 860 1045 894 relicta

167 903 246 948 Ipse
263 915 375 937 comes
392 904 475 938 Niso
492 904 660 948 graditur,
678 915 863 948 regemque
879 905 1073 949 requirunt.

213 949 334 983 Cetera
350 961 411 994 per
427 953 535 983 terras
553 961 669 983 omnes
687 950 852 984 animalia
869 962 986 984 somno

166 994 350 1029 Laxabant
367 1006 466 1029 curas
484 999 519 1028 et
535 995 637 1029 corda
654 994 762 1029 oblita
778 996 935 1029 laborum
950 1008 958 1030 :

165 1040 333 1074 Ductores
350 1041 521 1074 Teucrum
538 1041 651 1085 primi,
669 1041 803 1074 delecta
815 1043 994 1085 juventus,

166 1086 355 1120 Consilium
373 1087 516 1119 summis
533 1087 631 1130 regni
649 1087 691 1119 de
707 1087 808 1120 rebus
826 1086 1010 1131 habebant,

166 1131 257 1172 Quid
274 1133 438 1176 facerent,
456 1132 576 1176 quisve
592 1132 713 1165 AEneae
726 1134 801 1176 jam
820 1133 970 1167 nuncius
987 1137 1094 1168 esset:

164 1176 267 1211 Stant
284 1177 396 1221 longis
413 1178 535 1211 adnixi
551 1178 670 1221 hastis,
688 1183 722 1211 et
740 1182 839 1211 scuta
855 1183 1022 1222 tenentes,

164 1223 361 1257 Castrorum
378 1227 413 1257 et
430 1223 543 1268 campi
560 1224 681 1257 medio.
731 1224 818 1257 Tum
837 1224 942 1258 Nisus
958 1229 994 1258 et
1009 1236 1081 1258 una
1217 1227 1286 1260 230
1324 1237 1326 1262 1

163 1268 337 1313 Euryalus
354 1269 534 1303 confestim
553 1269 683 1303 alacres
700 1269 879 1303 admittier
895 1275 1018 1304 orant:

163 1314 249 1347 Rem
266 1326 440 1359 magnam
458 1315 679 1359 pretiumque
696 1327 800 1348 morae
816 1316 898 1350 fore.
947 1316 1085 1350 Primus
1103 1316 1227 1350 Iulus·

163 1360 307 1405 Accepit
325 1361 486 1405 trepidos,
504 1372 544 1394 ac
561 1361 685 1394 Nisum
702 1361 815 1394 dicere
826 1362 942 1405 jussit.

163 1406 251 1439 Tum
269 1407 317 1439 sic
335 1407 566 1450 Hyrtacides:
592 1408 754 1441 “Audite
771 1419 790 1441 ο
807 1408 982 1441 mentibus
1001 1407 1112 1460 aequis

163 1451 338 1494 AEneadae,
355 1463 442 1486 neve
458 1451 533 1485 haec
550 1452 676 1485 nostris
695 1455 896 1496 spectentur
911 1452 955 1486 ab
971 1454 1083 1496 annis,

162 1497 246 1538 Quae
263 1498 427 1532 serimus·
465 1497 590 1531 Rutuli
607 1509 725 1531 somno
742 1498 892 1550 vinoque
909 1497 1015 1532 soluti

162 1543 528 1584 (¹0nticuere3100um
546 1543 681 1576 insidiis
698 1543 940 1596 conspeximus
956 1544 1034 1588 ipsi,

162 1589 229 1630 Qui
247 1593 345 1633 patet
362 1589 399 1622 in
415 1588 508 1622 bivio
525 1593 643 1633 portae,
661 1600 738 1633 quae
755 1589 914 1633 proxima
929 1594 1060 1634 ponto·
1048 1614 1061 1632 ‚

161 1634 384 1679 Interrupti
375 1646 482 1678 ignes,
499 1639 642 1679 aterque
659 1635 703 1668 ad
721 1635 833 1668 sidera
849 1635 968 1669 fumus

160 1679 340 1723 Erigitur·
332 1707 341 1721 ‚
367 1681 395 1714 si
411 1681 553 1714 fortuna
569 1680 774 1725 permittitis
791 1681 856 1724 uti,
1055 1715 1059 1717 ,
1213 1682 1281 1716 240

161 1725 354 1766 Quaesitum
371 1726 506 1760 AEnean
523 1726 567 1760 ad
584 1726 713 1760 moenia
730 1725 914 1761 Pallantea

1323 1301 1326 1325 ,¹
