1330 1932
430 49 650 84 AENEIDOS
674 49 761 84 LIB.
787 51 855 84 III.

87 116 173 150 Cum
188 115 274 149 fletu
290 115 518 160 precibusque
533 116 639 150 tulit:
668 117 752 150 ‘Per
770 119 881 151 sidera
897 120 1014 157 testor,

86 161 154 195 Per
171 173 319 205 superos,
336 166 441 205 atque
458 162 522 195 hoc
539 162 616 195 coeli
634 162 796 206 spirabile
812 162 932 194 lumen
948 174 954 194 :

85 207 209 240 Tollite
225 219 290 246 me,
308 207 430 240 Teucri
443 219 453 248 ;
478 219 712 251 quascumque
728 207 890 240 abducite
907 211 1016 240 terras
1031 219 1040 247 ;

86 253 161 286 Hoc
178 256 231 286 sat
248 253 323 286 erit.
364 253 440 286 Seio
456 264 512 286 me
528 253 659 286 Danais
676 265 694 286 e
711 253 878 286 classibus
894 264 1015 295 unum,

85 298 131 332 Et
148 298 237 331 bello
254 298 378 331 iliacos
394 299 506 331 fateor
522 299 662 342 petiisse
678 303 830 342 penates.

85 344 151 377 Pro
168 355 246 388 quo,
263 344 292 376 si
308 344 443 377 sceleris
460 348 560 377 tanta
578 348 630 377 est
645 344 775 387 injuria
792 344 910 387 nostri,

85 389 243 433 Spargite
259 401 315 422 me
330 390 368 422 in
384 389 521 433 fluctus,
539 394 704 433 vastoque
720 390 915 432 immergite
932 393 1048 432 ponto.

85 435 121 468 Si
137 447 247 478 pereo,
264 435 445 468 hominum
460 435 621 468 manibus
638 435 777 479 periisse
790 435 955 479 juvabit.'
1000 468 1013 476 ‚

83 480 230 514 Dixerat
244 494 253 522 ;
277 487 313 514 et
329 492 444 524 genua
460 481 652 524 amplexus,
668 480 881 524 genibusque
898 480 1060 513 volutans

85 525 258 560 Haerebat.
300 527 368 568 Qui
385 527 439 567 sit,
457 527 534 569 fari,
552 538 619 570 quo
637 527 806 570 sanguine
823 530 948 567 cretus,

85 571 293 613 Hortamur3
318 583 393 616 quae
411 572 535 605 deinde
552 573 663 615 agitet
679 572 831 613 fortuna,
847 571 960 604 fateri.

85 617 164 661 Ipse
180 621 279 661 pater
295 617 456 651 dextram
470 617 648 661 Anchises,
665 617 761 650 haud
777 617 891 650 multa
907 620 1070 658 moratus,

85 662 155 695 Dat
167 663 301 706 juveni,
318 669 423 706 atque
440 664 597 696 animum
614 663 776 706 praesenti
793 663 936 706 pignore
952 662 1079 695 firmat.

86 707 151 740 Ille
167 708 253 751 haec,
270 709 427 752 deposita
443 708 586 741 tandem
602 708 796 749 formidine,
814 709 911 740 fatur
925 720 932 741 ε

122 752 143 769 “
161 752 266 785 ‘Sum
283 752 396 794 patria
413 763 456 784 ex
474 752 608 793 Ithaca,
626 762 737 784 comes
752 750 901 783 infelicis
920 750 1029 793 Ulixi,

82 793 218 826 Nomen
234 794 493 838 Achemenides‚
511 796 648 838 Trojam
664 795 820 838 genitore
837 795 1027 828 Adamasto

82 838 240 882 Paupere
258 839 523 883 (mansissetque
539 841 676 873 utinam
692 840 834 873 fortuna
849 840 873 883 !)
892 840 1076 884 profectus.

82 883 152 916 Hie
167 895 232 927 me,
251 885 336 917 dum
352 885 482 929 trepidi
499 885 651 919 crudelia
668 885 791 918 limina
807 886 984 929 linquunt,

82 928 302 963 Immemores
320 931 402 963 socii
419 935 516 964 vasto
533 931 691 975 Cyclopis
708 931 746 964 in
763 935 862 964 antro

80 973 278 1010 Deseruere.
311 975 443 1011 Domus
460 977 554 1010 sanie
571 976 787 1020 dapibusque
804 976 967 1020 cruentis,

82 1019 183 1054 Intus
200 1032 316 1065 opaca,
333 1022 466 1065 ingens.
508 1022 587 1066 Ipse
603 1022 743 1065 arduus,
761 1022 902 1066 altaque
918 1022 1038 1067 pulsat

81 1064 212 1109 Sidera,
231 1067 301 1111 (Di,
318 1067 426 1101 talem
442 1068 542 1100 terris
559 1068 705 1101 avertite
722 1072 855 1112 pestem
866 1068 891 1112 !)

80 1110 115 1143 N
116 1122 154 1145 ec
170 1112 247 1146 visu
261 1113 385 1155 facilis,
402 1124 466 1146 nec
483 1114 581 1155 dictu
597 1113 744 1147 affabilis
761 1114 836 1147 ulli.

81 1156 279 1191 Visceribus
294 1159 498 1192 miserorum
514 1163 549 1192 et
566 1159 735 1202 sanguine
752 1160 904 1193 vescitur
919 1163 1005 1194 atro.

81 1201 164 1236 Vidi
181 1208 326 1247 egomet,
344 1205 412 1238 duo
430 1205 472 1237 de
488 1216 631 1238 numero
649 1216 758 1248 quum
775 1216 917 1249 corpora
932 1210 1051 1239 nostro

81 1246 211 1282 Prensa
225 1261 334 1282 manu
349 1261 478 1293 magna
493 1250 607 1283 medio
622 1250 807 1293 resupinus
823 1251 861 1283 in
878 1255 979 1284 antro

81 1293 272 1337 Frangeret
289 1295 333 1328 ad
351 1298 484 1338 saxum,
502 1296 665 1339 sanieque
682 1307 843 1339 exspersa
858 1299 1024 1330 natarent

81 1338 219 1372 Limina
233 1352 242 1380 ;
268 1340 341 1373 vidi
357 1345 432 1374 atro
450 1353 559 1385 quum
574 1340 729 1374 membra
744 1341 892 1375 fluentia
908 1341 989 1375 tabo

80 1384 273 1428 Manderet,
291 1390 326 1419 et
343 1387 453 1430 tepidi
469 1391 657 1420 tremerent
675 1386 737 1419 sub
755 1387 918 1420 dentibus
934 1391 1040 1422 artus.

80 1430 188 1463 Haud
205 1431 347 1474 impune
365 1433 505 1475 quidem
518 1445 527 1473 3
552 1444 615 1465 nec
632 1432 719 1465 talia
735 1444 855 1476 passus
873 1433 1004 1476 UlixeS,

81 1475 261 1510 Oblitusve
279 1477 332 1510 sui
349 1482 401 1510 est
418 1478 562 1511 Ithacus
579 1478 777 1511 discrimine
793 1482 902 1512 tanto.

78 1520 170 1554 Nam
187 1522 300 1565 simul,
315 1523 474 1567 expletus
492 1523 638 1567 dapibus
655 1523 803 1567 vinoque
820 1524 986 1567 sepultus,

81 1566 256 1601 Cel-vicem
271 1568 438 1602 inflexam
453 1570 581 1613 posuit,
593 1569 776 1613 jacuitque
792 1581 854 1613 per
870 1577 1012 1603 antrum

79 1612 283 1656 Immensus,
301 1614 432 1647 saniem
449 1619 610 1648 eructans
627 1626 667 1648 ac
682 1615 795 1648 fiusta
812 1620 956 1648 cruento

79 1658 146 1692 Per
162 1671 321 1692 somnum
338 1661 527 1694 commixta
542 1672 636 1694 mero
650 1673 659 1701 ;
683 1672 754 1703 nos,
771 1672 900 1704 magna
917 1661 1050 1704 precati

79 1704 245 1749 Numina,
262 1706 444 1750 sortitique
461 1706 562 1750 vices,
579 1718 651 1740 una
667 1706 823 1750 undique
841 1707 973 1739 circum

1134 52 1196 83 151

1134 163 1201 194 600

1135 618 1202 649 610

1131 1070 1199 1102 620

1126 1526 1196 1559 630
