1320 1932
0 0 829 21 ῤ’

422 95 641 129 AENEIDOS
665 94 753 128 LIB.
779 94 838 127 IX.
1125 95 1190 129 237

78 163 214 197 Durum
231 162 274 196 ab
291 163 398 207 stirpe
413 174 523 206 genus
539 166 638 196 natos
655 162 699 195 ad
715 161 861 194 flumina
877 161 1030 204 primum

77 208 282 251 Deferimus,
301 220 458 252 saevoque
474 208 555 251 gelu
572 208 737 240 duramus
754 211 790 239 et
805 206 908 239 undis
922 220 931 248 3

79 253 219 287 Venatu
234 254 422 297 invigilant
438 253 547 297 pueri,
564 253 736 296 silvasque
753 252 907 295 fatigant
923 265 932 293 3

78 299 233 332 Flectere
249 299 354 332 ludus
372 310 485 342 equos,
503 302 538 331 et
555 298 688 342 spicula
704 297 845 331 tendere
863 309 978 332 cornu.

78 344 127 378 At
143 345 278 388 patiens
296 356 437 388 operum
453 355 628 387 parvoque
644 347 781 376 assueta
792 344 961 386 juventus

78 390 151 423 Aut
167 390 286 423 rastris
303 394 431 423 terram
447 390 573 432 domat,
592 393 654 422 aut
672 389 786 432 quatit
803 389 930 432 oppida
946 388 1045 424 bello.

80 435 189 468 Omne
205 446 318 468 aevum
334 436 423 468 ferro
440 435 575 477 teritur,
593 445 758 477 versaque
771 435 967 478 juvencum,

79 479 189 523 Terga
204 480 394 523 fatigamus
410 481 511 513 hasta
525 493 533 520 ;
558 491 620 513 nec
637 480 738 513 tarda
755 483 914 512 senectus
1128 483 1196 515 610

78 525 249 559 Debilitat
267 527 355 558 vires
373 526 489 567 animi,
506 529 692 569 mutatque
708 525 871 568 vigorem.

80 570 251 604 Canitiem
268 571 368 615 galea
384 571 572 614 premimus
589 583 597 612 ;
623 581 823 614 semperque
839 574 995 605 recentes

80 616 299 660 Comportare
311 617 415 660 juvat
432 616 576 660 praedas,
594 620 629 648 et
646 616 761 649 vivere
777 619 886 659 rapto.

81 661 186 695 Vobis
203 662 298 705 picta
315 673 412 694 croco
429 666 464 694 et
480 661 632 704 fulgenti
648 661 779 694 murice
796 661 910 705 vestis,

80 706 230 740 Desidiae
247 707 359 747 cordi;
379 708 483 750 juvat
499 707 680 750 indulgere
697 706 828 739 choreis
845 719 853 746 ;

81 751 127 785 Et
147 752 272 785 tunicae
289 753 452 793 manicas,
470 756 505 785 et
522 752 652 785 habent
668 751 873 785 redimicula
889 752 1012 787 mitrae.

83 797 110 830 O
129 809 207 830 vere
224 797 395 840 Phrygiae,
413 809 526 841 neque
544 798 636 830 enim
654 797 819 840 Phryges,
836 797 886 830 ite
902 809 963 841 per
979 798 1052 832 alta

81 842 266 886 Dindyma,
284 843 344 875 ubi
361 843 505 876 assuetis
522 842 666 875 biforem
683 843 744 875 dat
761 842 848 875 tibia
865 848 1016 877 cantum.

82 887 262 931 Tympana
279 899 337 920 vos
353 888 536 931 buxusque
553 892 678 921 vocant
695 888 902 931 Berecyntia
917 890 1039 923 matris

83 933 203 967 Idaeae:
231 933 334 966 sinite
351 945 447 966 arma
463 933 557 973 viris,
574 937 609 966 et
626 933 737 966 cedite
753 933 874 967 ferro.”
1131 938 1198 970 620

129 979 226 1011 Talia
238 979 432 1022 jactantem
450 979 561 1021 dictis,
579 990 619 1011 ac
636 979 710 1012 dii-a
728 983 910 1012 canentem

82 1023 161 1057 Non
177 1024 262 1057 tulit
279 1024 448 1057 Ascanius
465 1037 473 1065 ;
497 1036 671 1068 nervoque
688 1024 849 1057 obversus
867 1025 992 1068 equino

84 1069 242 1102 Intendit
258 1069 379 1112 telum,
398 1069 600 1113 diversaque
618 1070 759 1103 brachia-
777 1070 905 1103 ducens

84 1114 257 1156 Constitit,
275 1119 356 1148 ante
373 1115 398 1148 J
401 1126 498 1148 ovem
515 1115 663 1158 supplex
680 1127 741 1159 per
758 1120 838 1149 vota
855 1121 1016 1160 precatus
1032 1130 1039 1150 τ

85 1160 104 1176 “
117 1159 259 1202 Jupiter
275 1159 500 1202 omnipotens,
519 1160 708 1193 audacibus
725 1171 841 1193 annue
860 1161 991 1203 coeptis.

84 1203 162 1246 Ipse
179 1203 244 1236 tibi
260 1202 305 1235 ad
322 1207 383 1236 tua
400 1202 531 1246 templa
546 1203 656 1235 feram
673 1202 838 1235 solemnia
855 1203 954 1245 dona,

83 1248 130 1281 Et
148 1252 299 1281 statuam
316 1247 397 1281 ante
414 1259 490 1280 aras
508 1252 630 1280 aurata
646 1247 760 1280 fronte
772 1249 964 1291 juvencum

85 1293 306 1336 Gaudentem,
324 1293 521 1336 pariterque
539 1297 644 1336 caput
661 1304 741 1325 cum
757 1297 867 1326 matre
884 1293 1061 1336 ferentem,

85 1339 110 1372 J
111 1351 168 1372 am
185 1350 292 1372 cornu
309 1342 406 1382 petat
423 1342 458 1371 et
475 1338 620 1382 pedibus
637 1338 697 1381 qui
715 1342 856 1381 spargat
873 1342 1046 1373 arenam.”.

84 1384 208 1417 Audiit
225 1388 260 1417 et
277 1384 354 1417 coeli
372 1384 513 1417 Genitor
529 1384 571 1416 de
588 1388 686 1427 parte
703 1394 823 1416 serena
1134 1387 1202 1419 630

85 1429 246 1462 Intonuit
263 1429 392 1462 laevum
408 1441 414 1462 :
440 1433 539 1462 sonat
555 1440 626 1461 una
642 1429 761 1462 fatifer
777 1440 887 1462 arcus.

8 1476 27 1519 ξ.
85 1474 221 1518 Effugit
237 1475 447 1507 horrendum
464 1474 611 1507 stridens
628 1474 780 1507 adducta
797 1474 926 1517 sagitta
939 1486 949 1516 ς

24 1531 26 1534 ’
86 1519 219 1565 Perque
236 1523 342 1563 caput
360 1520 497 1552 Remuli
513 1520 619 1562 venit,
638 1524 672 1552 et
690 1531 774 1552 cava
790 1524 946 1563 tempora
961 1520 1052 1554 ferro

83 1566 235 1609 Trajicit.
285 1566 303 1582 ‘⁶
314 1565 341 1608 I,
360 1564 471 1597 verbis
489 1565 655 1597 virtutem
671 1564 780 1597 illude
797 1564 964 1608 superbis.

82 1611 143 1645 Bis
160 1610 253 1654 capti
270 1609 424 1653 Phryges
441 1610 514 1642 haec
533 1610 673 1642 Rutulis
689 1621 851 1653 responsa
866 1610 1086 1644 remittunt?

87 1656 164 1688 Hoc
181 1659 321 1688 tantum
338 1654 513 1687 Ascanius.
562 1653 686 1687 Teucri
702 1654 851 1687 clamore
867 1659 1072 1699 sequuntur,

21 1702 34 1747 ξ·
88 1701 296 1744 Laetitiaque
312 1700 477 1742 fiemunt,
495 1699 695 1742 animosque
711 1699 756 1733 ad
773 1700 885 1733 sidera
901 1700 1041 1734 tollunt.

15 1743 35 1789 '2
89 1746 249 1779 AEtheria
265 1750 342 1779 tum
358 1745 446 1778 forte
462 1744 566 1788 plaga
583 1745 728 1779 crinitus
744 1744 868 1789 Apollo
