1345 1927
381 72 648 106 GEORGICON
673 72 761 106 LIB.
789 72 849 106 IV.
1137 74 1181 107 75

59 140 166 173 Tecta
181 141 317 184 petunt.
367 139 448 172 Huc
465 142 507 172 tu
519 140 632 183 jussos
649 150 791 183 asperge
809 150 954 183 sapores,

59 186 156 219 Trita
171 184 402 229 melisphylla,
421 188 456 218 et
473 185 639 218 cerinthae
656 184 808 228 ignobile
824 196 967 228 gramen
983 197 992 225 ;

59 231 292 274 'Pinnitusque
305 230 367 273 cie,
385 234 420 263 et
436 231 557 263 matris
575 234 681 274 quate
697 229 857 273 cymbala
875 231 1015 263 circum.

60 277 150 320 Ipsae
168 276 348 309 consident
363 276 544 309 medicatis
562 275 698 308 sedibus
713 288 722 316 ;
746 275 829 319 ipsae

61 322 192 356 Intima
207 332 301 354 more
319 332 379 354 suo
396 332 468 354 sese
484 321 521 354 in
539 320 713 354 cunabula
730 321 887 354 condent.

106 367 167 401 Sin
183 371 302 400 autem
319 367 363 399 ad
380 378 535 410 pugnam
552 366 711 410 exierint,
731 366 828 410 (nam
845 378 936 411 saepe
953 366 1087 400 duobus

58 412 211 456 Regibus
227 412 368 446 incessit
384 423 510 456 magno
527 412 697 445 discordia
713 411 825 454 motu)

59 458 300 502 Continuoque
317 458 448 491 animos
442 439 563 501 evulgi
581 462 615 491 et
632 458 845 502 trepidantia
861 457 951 491 bello

59 504 169 537 Corda
185 504 268 537 licet
284 503 385 555 longe
402 504 639 556 praesciscere:
665 514 815 547 namque
831 508 1005 537 morantes
1138 504 1182 538 70

58 549 208 583 Martius
225 549 284 582 ille
302 550 377 582 aeris
393 550 490 582 rauci
507 560 610 582 canor
626 549 792 593 increpat,
811 553 846 582 et
862 560 931 583 vox

58 595 213 628 Auditur
228 595 354 628 fractos
372 595 504 628 sonitus
520 595 659 628 imitata
675 594 862 628 tubarum·
854 621 863 635 ‚

59 640 149 673 Tum
165 641 311 684 trepidae
329 641 421 673 inter
438 652 472 673 se
489 641 627 683 coeunt,
644 641 838 685 pennisque
856 644 1046 684 coruscant,

61 685 269 730 Spiculaque
286 689 464 719 exacuunt
479 686 608 728 rostris,
626 689 818 730 aptantque
834 686 990 730 lacertos,

60 732 108 765 Et
124 732 215 765 circa
230 743 347 776 regem
363 735 469 774 atque
485 732 560 775 ipsa
577 731 621 764 ad
638 733 799 775 praetoria
816 732 930 765 densae

61 777 264 821 Miscentur,
281 777 486 820 magnisque
503 780 628 810 vocant
645 777 851 810 clamoribus
868 777 1013 810 hostem.

59 823 151 867 Ergo
167 822 229 856 ubi
245 835 304 856 ver
321 826 431 855 nactae
450 822 575 855 sudum
592 833 797 866 camposque
814 826 974 866 patentes

59 868 260 912 Erumpunt
275 868 392 912 portis,
410 868 628 901 concurritur
642 880 650 908 ;
676 868 803 901 aethere
819 869 856 901 in
873 868 944 901 alto

59 914 118 948 Fit
135 914 266 947 sonitus
280 927 289 955 ;
312 925 480 957 magnum
495 913 616 946 mixtae
633 913 870 957 glomerantur
885 914 923 946 in
940 913 1065 957 orbem,

59 959 326 1004 Praecipitesque
342 959 492 992 cadunt:
517 970 587 992 non
604 959 740 992 densior
755 961 835 993 aere
854 960 995 1003 grando,
1135 961 1180 994 80

58 1005 92 1039 N
93 1017 131 1039 ec
149 1006 191 1038 de
208 1016 371 1039 concussa
388 1008 527 1038 tantum
544 1005 636 1049 pluit
652 1005 731 1038 ilice
747 1005 883 1048 glandis
898 1017 905 1038 :

60 1051 134 1096 Ipsi
150 1062 212 1095 per
226 1051 358 1084 medias
374 1051 464 1084 acies
480 1051 674 1093 insignibus
691 1051 755 1084 alis

59 1097 223 1141 Ingentes
239 1097 370 1130 animos
387 1100 535 1139 angusto
552 1097 590 1129 in
606 1100 743 1140 pectore
759 1100 909 1140 versant,

58 1142 175 1187 Usque
191 1143 276 1176 adeo
292 1141 411 1175 obnixi
427 1153 497 1175 non
514 1142 641 1185 cedere,
660 1142 745 1175 dum
761 1142 875 1186 gravis
891 1146 954 1176 aut
970 1142 1042 1186 hos,

58 1188 132 1222 Aut
148 1188 210 1221 hos
225 1199 324 1222 versa
339 1188 425 1231 fuga
442 1187 551 1221 victor
568 1188 648 1221 dare
666 1191 764 1231 terga
781 1188 927 1240 subegit.

59 1233 109 1267 Hi
124 1237 239 1267 motus
251 1234 445 1267 animorum
462 1237 566 1277 atque
583 1233 657 1266 haec
675 1234 863 1267 certamina
880 1238 981 1268 tanta

59 1279 217 1313 Pulveris
234 1279 353 1322 exigui
365 1280 467 1322 jactu
484 1290 675 1330 compressa
692 1279 885 1322 quiescunt.

59 1324 190 1358 Verum
205 1324 266 1358 ubi
283 1325 441 1357 ductores
458 1324 530 1357 acie
546 1324 758 1358 revocaveris
775 1324 886 1368 ambo,

58 1369 216 1404 Deterior
233 1370 293 1422 qui
309 1370 411 1412 visus,
430 1381 519 1413 eum,
536 1380 580 1402 ne
596 1370 760 1413 prodigus
777 1369 875 1410 obsit,

58 1415 154 1449 Dede
170 1416 269 1449 neci·
261 1442 269 1457 ‚
293 1415 414 1448 melior
430 1426 540 1448 vacua
557 1415 629 1448 sine
645 1420 767 1458 regnet
783 1415 822 1448 in
838 1397 928 1449 aula.
1133 1417 1178 1450 90

58 1461 158 1495 Alter
174 1462 240 1495 erit
255 1461 400 1494 maculis
417 1472 501 1494 auro
519 1461 758 1504 squalentibus
775 1461 898 1494 ardens
913 1473 922 1502 ;

57 1506 149 1540 Nam
166 1507 234 1540 duo
251 1510 333 1540 sunt
350 1517 476 1550 genera
490 1519 498 1547 3
523 1505 580 1540 hic
596 1506 726 1549 melior,
743 1506 888 1550 insignis
905 1510 940 1540 et
957 1518 1023 1550 ore,

58 1552 106 1586 Et
121 1553 236 1586 rutilis
256 1552 369 1585 clarus
387 1552 536 1596 squamis
551 1564 559 1593 ;
583 1552 642 1585 ille
658 1552 817 1585 horridus
834 1552 923 1586 alter

58 1598 209 1641 Desidia,
226 1598 403 1642 latamque
419 1598 560 1631 trahens
577 1598 744 1641 inglorius
761 1597 889 1632 alvum.

59 1643 109 1677 Ut
124 1643 215 1677 binae
231 1655 354 1687 regum
369 1643 485 1686 facies,
502 1644 553 1677 ita
569 1655 709 1688 corpora
724 1643 834 1687 plebis
849 1655 856 1677 :

58 1688 220 1733 Namque
236 1689 314 1723 aliae
331 1693 450 1733 turpes
466 1690 608 1722 horrent
621 1702 630 1730 ;
655 1700 719 1722 ceu
734 1689 876 1733 pulvere
892 1689 936 1722 ab
953 1689 1025 1724 alto

61 1734 178 1777 Quum
194 1735 300 1779 venit,
317 1738 352 1769 et
369 1736 457 1770 sicco
473 1739 602 1769 terram
618 1735 713 1780 spuit
729 1746 785 1768 ore
802 1735 914 1769 viator
