1345 1927
153 113 198 144 20
465 110 503 144 P.
522 110 725 144 VlRGILII
751 109 966 144 MARONIS

153 179 316 213 Carmina
331 178 386 212 vel
404 178 489 212 coelo
506 183 651 223 possunt
669 179 838 212 deducere
854 179 975 212 lunam
990 191 998 220 ;

153 224 371 258 Carminibus
389 224 484 258 Circe
502 225 607 258 socios
624 225 776 258 mutavit
794 225 890 258 Ulixi
906 238 914 266 ;
1233 225 1276 258 70

153 271 317 314 Frigidus
334 271 370 303 in
389 271 497 314 pratis
515 270 688 303 cantando
705 271 881 314 rumpitur
897 270 1030 314 anguis.

152 316 281 350 Ducite
298 316 341 350 ab
358 315 442 349 urbe
459 316 610 359 domum,
627 328 704 349 mea
722 317 884 358 carmina,
902 317 1020 350 ducite
1036 316 1212 361 Daphnin.

153 363 266 396 'Perna
283 362 347 396 tibi
365 362 439 395 haec
456 363 609 406 primum
626 362 756 406 triplici
775 362 909 396 diversa
926 362 1037 396 colore

153 409 250 442 Licia
267 408 454 452 circumdo,
472 413 593 451 terque
611 408 686 441 haec
703 408 827 442 altaria
845 409 975 441 circum

153 454 315 498 Effigiem
332 454 420 487 duco
436 467 444 495 ;
469 466 612 487 numero
630 454 714 487 deus
732 455 863 498 impare
881 455 1020 498 gaudet.

153 500 281 534 Ducite
298 499 342 534 ab
358 499 444 534 urbe
461 500 611 543 domum,
628 511 705 533 mea
724 501 887 544 carmina,
906 501 1022 534 ducite
1040 500 1215 545 Daphnin.

153 546 264 580 Necte
281 545 392 579 tribus
409 546 508 579 nodis
526 550 650 589 ternos,
669 546 848 590 Amarylli,
867 546 993 579 colores
1008 559 1016 587 ;

153 592 274 635 Necte,
291 592 472 634 Amarylli,
490 592 590 625 modo
606 604 614 632 ;
640 596 684 635 et,
699 592 852 635 Veneris,
870 592 935 635 dic,
955 592 1095 626 vincula
1110 596 1220 626 necto.

153 637 283 672 Ducite
300 637 344 671 ab
360 637 445 671 urbe
463 638 614 680 domum,
631 649 708 670 mea.
726 638 889 681 carmina,
907 638 1023 671 ducite
1040 638 1217 682 Daphnin.

155 684 274 718 Limus
291 688 333 717 ut
350 683 407 717 hic
425 683 587 727 durescit,
606 688 640 717 et
658 684 731 716 htcc
749 688 790 717 ut
808 695 885 717 cera
902 683 1062 727 liquescit
1236 685 1280 717 80

156 730 236 764 Uno
253 730 442 774 eodemque
459 730 532 773 igni
548 742 554 763 ι
581 730 629 762 sic
646 735 762 763 nostro
780 730 939 774 Daphnis
956 741 1080 763 amore.

155 776 287 820 Sparge
304 776 442 819 molam,
460 780 495 809 et
512 776 652 819 fragiles
670 776 816 809 incende
833 776 1004 809 bitumine
1021 775 1135 809 lauros
1149 787 1156 809 :

155 822 314 866 Daphnis
331 833 386 855 me
403 822 515 855 malus
533 822 615 865 urit,
634 834 695 866 ego
713 822 803 854 hanc
820 822 857 854 in
874 821 1060 866 Daphnide
1077 822 1225 855 laurum.

156 868 286 902 Ducite
302 867 346 901 ab
362 867 447 901 urbe
464 868 616 911 domum,
632 879 710 901 mea
727 868 891 911 carmina,
909 868 1025 901 ducite
1042 868 1219 912 Daphnin.

157 914 251 948 'Palis
267 926 363 948 amor
380 914 558 958 Daphnin,
576 914 688 958 qualis
706 925 814 958 quum
830 914 919 947 fessa
931 915 1124 958 juvencum

157 960 224 994 Per
241 971 382 994 nemora
398 964 504 1004 atque
520 960 609 993 altos
628 960 813 1003 quaerendo
831 959 959 993 bucula
975 960 1070 994 lucos

158 1006 304 1050 Propter
321 1018 420 1050 aquae
437 1007 552 1039 rivum
570 1006 673 1039 viridi
691 1006 887 1050 procumbit
903 1006 941 1039 in
957 1006 1051 1050 ulva,

158 1052 310 1095 Perdita,
329 1064 393 1085 nec
411 1064 493 1085 serae
511 1052 672 1086 meminit
690 1052 854 1085 decedere
871 1052 1014 1085 nocti—-

159 1098 252 1132 Talis
269 1110 364 1132 amor
381 1102 509 1142 teneat,
527 1110 591 1132 nec
608 1099 653 1132 sit
669 1098 757 1131 mihi
775 1110 858 1132 cura
874 1098 1013 1132 mederi.

158 1144 287 1178 Ducite
304 1144 347 1178 ab
364 1144 449 1178 urbe
467 1145 618 1188 domum,
635 1156 713 1178 mea
731 1145 894 1187 carmina,
913 1144 1031 1178 ducite
1047 1144 1224 1188 Daphnin.
1238 1145 1284 1177 90

159 1190 234 1224 Has
251 1190 334 1224 olim
351 1190 496 1224 exuvias
511 1191 599 1224 mihi
616 1191 767 1235 perfidus
785 1190 844 1223 ille
860 1190 1002 1234 reliquit

160 1236 311 1281 Pignora
328 1248 408 1270 cara
425 1237 488 1278 sui,
506 1248 584 1281 quae
601 1248 695 1270 nunc
713 1248 776 1280 ego
793 1236 913 1270 limine
929 1237 967 1269 in
983 1237 1067 1280 ipso,

159 1282 274 1326 Terra,
292 1283 357 1316 tibi
373 1283 500 1316 mando
515 1296 523 1324 ;
549 1283 676 1316 debent
692 1283 767 1316 haec
784 1283 930 1327 pignora
945 1282 1122 1327 Daphnin.

159 1328 289 1362 Ducite
305 1329 349 1362 ab
365 1329 450 1362 urbe
467 1329 618 1371 domum,
635 1341 714 1362 mea
730 1329 893 1372 carmina,
911 1329 1029 1362 ducite
1045 1328 1222 1373 Daphnin.

161 1375 236 1409 Has
253 1375 376 1408 herbas
394 1379 500 1419 atque
518 1376 592 1408 haec
610 1375 721 1408 Ponto
738 1375 825 1408 mihi
843 1375 935 1408 lecta
951 1386 1085 1409 venena

161 1421 240 1465 Ipse
258 1421 355 1455 dedit
372 1421 514 1463 Moeris;
539 1426 733 1455 nascuntur
750 1421 903 1465 plurima
920 1421 1041 1455 Ponto.

161 1467 227 1500 His
245 1478 308 1511 ego
326 1479 416 1512 saepe
432 1468 557 1520 lupum
574 1468 650 1501 fieri
667 1472 702 1501 et
720 1479 754 1501 se
772 1468 918 1501 condere
935 1467 1031 1500 silvis

161 1512 299 1557 Moerin,
317 1525 407 1558 saepe
424 1514 557 1547 animas
574 1514 652 1547 imis
670 1514 784 1547 excire
802 1513 977 1558 sepulcris,

160 1559 279 1603 Atque
296 1564 388 1593 satas
404 1560 473 1593 alio
489 1560 562 1593 vidi
579 1561 760 1593 tiaducere
776 1571 909 1594 messes.

160 1605 289 1639 Ducite
306 1605 350 1639 ab
363 1605 447 1639 urbe
460 1606 611 1649 domum,
624 1618 702 1640 mea
715 1607 878 1648 carmina,
893 1605 1011 1639 ducite
1023 1605 1200 1650 Daphnin.
1220 1607 1286 1639 100

161 1651 229 1686 Fer
245 1652 385 1695 cineres,
404 1652 584 1706 Amarylli,
602 1634 702 1695 ieras,
719 1653 863 1705 rivoque
878 1652 1003 1685 fluenti

161 1697 340 1742 Transque
357 1703 464 1743 caput
475 1700 563 1742 jace,
580 1710 644 1732 nec
660 1699 859 1743 respexeris.
901 1698 966 1731 His
984 1709 1046 1742 ego
1063 1697 1230 1753 Daphnin

161 1743 380 1788 Aggrediar3
405 1745 495 1778 nihil
511 1745 570 1778 ille
587 1745 676 1788 deos,
694 1745 745 1778 nil
763 1745 917 1778 carmina
934 1748 1043 1778 curat.

162 1789 291 1825 Ducite
308 1790 352 1825 ab
368 1790 453 1825 urbe
471 1791 621 1835 domum,
639 1803 718 1825 mea
735 1791 899 1833 carmina,
918 1791 1035 1824 ducite
1053 1790 1230 1835 Daphnin.
