1345 1927
406 67 672 103 GEORGICON
698 66 785 100 LIB.
812 66 839 100 I.
1134 67 1176 99 29

56 139 104 173 Et
120 139 190 184 qui,
206 138 371 183 proscisso
388 150 466 183 quae
485 139 630 172 suscitat
648 149 783 190 aequore
801 141 908 181 terga,

57 185 215 218 Rursus
205 197 243 218 m
259 185 438 229 obliquum
454 196 551 217 verso
567 184 761 228 perrumpit
778 189 902 226 aratro,

55 231 274 274 Exercetque
289 231 450 274 frequens
467 230 638 273 tellurem,
655 234 760 273 atque
776 229 896 273 impel
889 239 925 262 π
942 228 1043 263 arvis.

102 277 259 310 Humida
276 276 423 309 solstitia
440 281 544 320 atque
561 276 691 308 hiemes
708 279 802 308 orate
820 286 965 318 serenas,
1113 274 1177 308 100

54 322 248 366 Agricolae·
240 348 248 363 ‚
273 322 416 355 hiberno
433 322 611 355 laetissima
627 321 770 365 pulvere
786 322 889 364 farra,

54 368 172 401 Laetus
188 379 270 412 ager
283 380 292 409 ;
316 368 413 401 nullo
430 372 571 401 tantum
588 379 622 400 se
640 367 755 411 Mysia
772 367 872 400 cultu

55 414 81 447 J
82 418 186 456 aetat,
204 418 240 447 et
255 414 331 458 ipsa
349 425 427 447 suas
443 414 617 446 mirantur
634 413 787 456 Gargara
803 424 938 446 messes.

56 459 148 501 Quid
165 459 288 503 dicam,
300 460 396 503 jacto
414 459 474 503 qui
491 459 620 492 semine
638 460 793 492 cominus
810 470 894 492 arva

55 505 260 550 Insequitur
277 505 501 549 cumulosque
518 505 588 538 ruit
606 505 697 537 male
714 504 854 549 pinguis
871 515 985 538 arenae
999 503 1012 537 ’ἐ

54 551 189 585 Deinde
207 551 290 584 satis
305 551 454 584 flurium
470 551 607 584 inducit
624 551 785 594 rivosque
803 555 993 594 sequentes,

55 597 111 640 Et,
128 608 236 641 quum
253 601 398 630 exustus
415 608 496 640 ager
512 597 738 630 morientibus
757 601 882 630 aestuat
899 596 1025 640 herbis,

54 642 144 676 Ecce
161 643 343 687 supercilio
360 642 480 676 clivosi
496 642 647 675 tramit-is
664 643 796 675 undam

54 688 162 722 Elicit
175 689 188 722 ’.ἱ
212 688 274 722 illa
291 689 416 721 cadens
432 700 578 721 raucum
594 700 656 732 per
672 689 762 721 levia
779 699 938 721 murmur

55 734 148 768 Saxa
164 735 241 778 ciet,
260 734 491 777 scatebrisque
507 735 642 767 arentia
659 739 830 778 temperat
848 745 940 767 arva.
1114 735 1179 766 110

56 780 158 823 Quid,
175 780 245 824 qui,
262 791 307 813 ne
323 780 475 823 gravidis
492 779 694 823 procumbat
712 780 847 812 culmus
864 780 989 823 aristis,

55 825 247 860 Luxuriem
263 832 420 869 segetum
437 829 556 858 tenera
573 825 728 869 depascit
745 825 781 858 in
798 825 914 868 herba,

57 871 174 913 Quum
189 872 342 916 primum
359 871 470 905 sulcos
487 876 628 915 aequant
646 870 746 904 sata?
772 872 901 915 quique
918 871 1057 915 paludis

57 917 248 951 Collectum
264 917 443 950 humorem
460 917 581 950 bibula
598 917 739 950 deducit
756 929 860 951 arena
875 916 886 950 2

56 962 253 997 Praesertim
268 963 409 996 incertis
427 963 456 996 si
472 962 647 996 mensibus
665 963 778 996 amnis
795 963 976 996 abundans

55 1009 151 1053 Exit,
168 1013 204 1043 et
220 1009 368 1042 obducto
385 1009 456 1042 late
474 1013 570 1042 tenet
587 1009 703 1042 omnia
720 1009 813 1052 limo,

57 1055 158 1089 Unde
174 1066 269 1089 cavae
286 1055 403 1099 tepido
421 1055 548 1088 sudant
564 1055 709 1088 humore
725 1055 869 1089 lacunae.

101 1101 136 1134 N
137 1113 176 1135 ec
186 1106 313 1144 tamen,
320 1101 394 1134 haec
405 1112 514 1145 quum
525 1101 594 1134 sint
602 1101 850 1145 hominumque
860 1101 1036 1145 boumque
1047 1101 1180 1135 labores

57 1146 234 1181 Versando
251 1151 379 1181 terram
396 1147 540 1191 experti,
558 1147 647 1179 nihil
664 1147 840 1191 improbus
858 1159 967 1191 anser,

57 1192 331 1237 Strymoniaeque
348 1204 461 1237 grueS,
478 1198 514 1226 et
531 1193 656 1226 amaris
673 1193 799 1226 intuba
814 1193 910 1226 fibris
1114 1196 1179 1227 120

57 1238 234 1283 Officiunt,
251 1242 314 1273 aut
329 1239 453 1272 umbra
469 1243 578 1272 nocet.
628 1238 733 1272 Pater
748 1239 822 1283 ipse
839 1239 975 1273 colendi

0 1322 1 1327 ¹
56 1284 164 1319 Haud
179 1285 318 1318 facilem
334 1296 406 1318 esse
422 1285 516 1318 viam
532 1285 652 1328 voluit,
670 1285 871 1328 primusque
887 1297 949 1330 per
965 1289 1077 1319 artem

0 1332 1 1345 ¹
55 1330 169 1364 Movit
185 1342 294 1375 agros,
311 1331 403 1364 curis
419 1342 546 1364 acuens
562 1330 724 1364 mortalia
740 1331 851 1374 corda,

54 1376 89 1410 N
90 1388 129 1410 ee
145 1380 280 1421 torpere
297 1376 395 1420 gravi
411 1388 532 1420 passus
550 1388 612 1409 sua
628 1388 736 1420 regna
752 1380 902 1411 veterno.

55 1422 149 1456 Ante
165 1423 191 1456 J
193 1434 290 1456 ovem
307 1422 398 1455 nulli
414 1422 621 1466 subigebant
638 1434 720 1456 arva
737 1422 871 1463 coloni3

54 1468 109 1502 Ne
125 1468 262 1512 signare
279 1468 420 1512 quidem
437 1473 498 1502 aut
514 1468 638 1512 partiri
654 1468 766 1501 limite
782 1480 945 1513 campum

55 1514 123 1548 Fas
139 1518 234 1548 erat:
259 1515 297 1547 in
313 1514 467 1547 medium
485 1514 694 1558 quaerebant,
711 1514 855 1558 ipsaque
872 1514 976 1548 tellus

57 1560 183 1593 Omnia
198 1560 351 1603 liberius,
367 1560 464 1593 nullo
481 1564 652 1604 poscente,
669 1560 811 1594 ferebat.

56 1606 121 1639 Ille
137 1606 271 1639 malum
287 1606 382 1639 virus
400 1606 616 1650 sementibus
634 1605 770 1639 addidit
787 1606 881 1649 atris,

55 1651 277 1696 Praedarique
293 1652 393 1696 lupos
404 1652 519 1696 jussit,
537 1655 751 1696 pontumque
767 1652 898 1685 moveri
912 1665 920 1694 ;
1115 1653 1177 1686 130

55 1697 231 1742 Mellaque
248 1698 398 1732 decussit
415 1698 516 1740 foliis,
533 1698 719 1741 ignemque
735 1698 892 1742 removit,

55 1743 102 1777 Et
116 1744 246 1788 passim
261 1744 345 1778 rivis
362 1744 537 1778 currentia.
554 1744 636 1778 vina
651 1744 823 1789 repressit,
