1345 1927
155 54 224 87 338
459 53 496 88 P.
522 54 725 88 VIRGILII
752 54 966 88 MARONIS

156 117 380 162 Hippotaden
396 129 404 159 ;
429 118 654 163 sequiturque
672 118 875 151 incumbens
892 119 1027 152 eminus
1043 118 1145 152 hasta
1240 126 1263 136 ⁸·

154 163 339 208 Tereaque,
349 163 666 208 Harpalycumque,
679 169 713 198 et
725 164 997 208 Demophoonta,
1010 164 1273 209 Chromimque3

155 210 315 252 Quotque
333 210 456 243 emissa
473 221 579 243 manu
597 210 762 243 contorsit
779 210 912 254 spicula
930 210 1036 254 virgo,

154 255 218 288 Tot
238 255 382 299 Phrygii
399 256 551 289 cecidere
570 256 643 290 viri.
694 256 819 289 Procul
838 256 990 299 Ornytus
1008 256 1112 290 armis

156 301 290 345 Ignotis
307 307 342 335 et
359 313 448 345 equo
466 306 608 335 venator
627 302 757 345 Iapyge
775 302 905 343 fcrtur3

155 348 218 381 (lui
236 348 336 392 pellis
353 347 441 380 latos
459 347 618 381 humeros
636 355 755 392 erepta
767 349 918 391 juvenco

155 392 347 438 Pugnatori
366 394 477 438 operit
493 407 499 434 ;
525 399 632 438 caput
649 394 770 437 ingens
788 394 854 427 oris
872 393 989 426 hiatus
1207 395 1272 426 680

156 440 201 472 Et
217 440 318 473 malae
337 444 453 473 texere
470 440 545 483 lupi
563 451 642 472 cum
659 439 821 472 dentibus
838 439 936 482 albis,

156 486 379 530 Agrestisque
396 497 520 518 manus
537 491 649 519 armat
667 497 797 529 sparus,
847 486 925 529 Ipse
943 485 1089 519 catervis

156 531 314 565 Vertitur
332 532 367 565 in
384 531 516 574 mediis,
535 535 569 564 et
589 535 658 564 toto
677 531 805 564 vertice
823 543 927 575 supra
944 536 1004 565 cst.

158 577 261 611 Hunc
278 578 339 611 illa
357 581 552 621 exceptum,
570 588 681 629 neque
698 577 791 610 enim
809 577 904 610 labor
920 577 1059 621 agmine
1076 587 1180 619 verso,

156 623 309 667 Trajieit,
329 628 363 657 et
381 635 483 666 super
501 623 574 656 haec
593 622 732 656 inimico
751 627 887 666 pectore
903 623 1019 657 fatur:

154 673 170 686 ‘⁴
185 670 287 702 Silvis
306 674 350 709 te,
368 668 552 712 Tyrrhene,
570 670 659 703 feras
678 669 812 710 agitare
829 668 963 712 putasti
979 666 993 702 ἲ

156 712 310 746 Advenit
327 709 387 756 qui
405 716 520 746 vestra
536 712 608 746 dies
625 711 853 746 muliebribus
870 713 975 746 armis

156 758 270 792 Verba
287 758 514 802 redarguerit.
563 758 697 792 Nomen
716 763 833 791 tamen
851 758 944 792 haud
963 758 1037 793 leve
1054 762 1194 804 patrum

156 803 319 838 Manibus
337 804 402 837 hoc
418 804 553 846 referes,
573 804 641 837 telo
660 804 822 837 cecidisse
840 803 1022 838 Camillae.''
1170 800 1174 807 “

156 850 325 884 Protenus
340 850 557 884 Orsilochum
571 855 605 883 et
620 851 743 891 Buten,
758 850 827 883 duo
844 851 998 884 maxima.
1011 851 1181 884 Teucrum
1207 853 1273 885 690

156 896 325 940 Corpora:
350 896 409 930 sed
427 896 542 929 Buten
560 907 719 929 aversum
736 896 877 940 cuspide
895 896 974 930 fixit

158 943 313 976 Loricam
329 942 534 986 galeamque
552 943 654 985 inter,
671 953 739 986 qua
757 942 846 975 colla
863 943 1014 976 sedentis

157 990 299 1031 Lucent,
317 993 351 1021 et
369 988 454 1021 laevo
472 988 645 1032 dependet
662 999 783 1032 parma.
800 988 928 1022 lacerto
944 1001 952 1028 ;

157 1034 384 1077 Orsilochum,
402 1034 540 1077 fugiens
557 1045 792 1078 magnumque
810 1034 945 1078 agitata
962 1046 1023 1078 per
1039 1033 1165 1078 orbem,

156 1081 279 1114 Eludit
296 1091 380 1124 gyro
398 1080 550 1123 interior,
568 1080 793 1124 sequiturque
811 1085 1012 1124 sequentem
1027 1092 1035 1121 ;

157 1126 245 1160 Tum
263 1126 414 1159 validam
432 1137 561 1170 perque
578 1137 675 1159 arma
692 1126 764 1159 viro
782 1137 910 1170 perque
927 1137 1002 1160 ossa
1019 1127 1175 1168 securim,

156 1172 268 1206 Altior
285 1183 484 1215 exsurgens,
503 1172 616 1206 oranti
633 1176 668 1205 et
685 1172 797 1205 multa
814 1173 971 1216 precanti

157 1218 385 1262 Congeminat
400 1230 406 1252 :
433 1218 561 1252 vulnus
579 1218 690 1251 calido
707 1218 800 1261 rigat
817 1229 876 1251 ora
893 1218 1038 1252 cerebro.

160 1265 289 1298 Incidit
307 1265 398 1307 huic,
417 1264 597 1308 subitoque
614 1268 757 1307 aspectu
775 1264 916 1297 territus
933 1264 1035 1298 haesit

157 1311 441 1355 Appenninicolae
460 1309 604 1344 bellator
620 1310 712 1343 filius
731 1310 834 1349 Auni,
1209 1311 1271 1344 70(
1318 1352 1319 1355 Ἴ

158 1356 264 1390 Haud
284 1356 451 1400 Ligurum
469 1360 654 1399 extremus,
673 1356 756 1389 dum
773 1356 894 1389 fallere
912 1356 985 1389 fata
1002 1356 1165 1391 sinebant.
1319 1359 1320 1362 ’

159 1404 270 1447 Isque,
289 1402 348 1435 ubi
368 1413 402 1436 se
421 1402 516 1435 nullo
529 1403 605 1446 jam
623 1413 725 1436 cursu
743 1402 887 1435 evadere
906 1413 1032 1446 puguae

158 1450 268 1490 Posse,
286 1460 399 1492 neque
416 1448 606 1482 instantem
624 1448 781 1492 reginam
799 1452 952 1481 avertere
971 1448 1091 1491 cernit,

157 1495 305 1528 Consilio
323 1505 458 1528 versare
477 1494 571 1527 dolos
590 1495 763 1538 ingressus
781 1498 816 1527 et
833 1498 922 1533 astu,

159 1541 288 1575 incinit
308 1542 403 1576 haec:
430 1542 448 1559 “
461 1541 551 1582 Quid
571 1545 639 1574 tam
660 1540 848 1580 egregium.
867 1541 893 1573 si
913 1540 1041 1573 femina
1060 1540 1139 1574 forti

160 1585 253 1617 Fidis
271 1583 384 1628 equo?
411 1583 549 1617 dimitte
567 1584 697 1625 fugam,
717 1588 751 1617 et
769 1588 803 1617 te
821 1584 975 1617 cominus
992 1595 1091 1627 aequo

157 1631 296 1663 Merum
314 1629 413 1663 crede
431 1629 510 1669 solo,
530 1641 723 1673 pugnaeque
741 1630 882 1673 accinge
900 1629 1050 1673 pedestri
1067 1642 1075 1670 ;

156 1677 238 1710 Jam
259 1687 384 1717 nosces,
404 1679 545 1708 ventosa
567 1676 653 1708 ferat
672 1676 726 1707 (fui
745 1675 854 1718 gloria
872 1675 1037 1709 laudem?⁹

156 1722 257 1756 Dixit
272 1733 279 1756 :
304 1726 341 1755 at
359 1721 420 1755 illa
436 1721 563 1765 furens,
582 1722 721 1766 acrique
739 1732 881 1755 accensa
899 1721 1022 1755 dolore.
