1345 1927
105 87 172 120 368
415 85 451 120 Ρ.
472 85 676 119 VIRGILII
700 82 915 119 MARONIS

107 153 186 187 Una
203 152 401 197 superstitio
419 153 550 197 superis
567 164 643 197 quae
660 152 798 186 reddita
815 152 914 186 divis.

106 199 152 232 Et
169 210 263 232 nunc
281 199 362 232 cedo
380 199 550 243 equidem,
570 210 773 244 pugnasque
790 210 895 232 exosa
909 197 1078 243 relinquo.

107 245 202 278 Illud
220 250 264 288 te,
282 245 381 278 nulla
397 245 462 278 fati
480 245 571 289 quod
590 245 665 289 lege
682 251 831 283 tenetur,

108 291 173 324 Pro
192 291 291 324 Latio
308 290 468 334 obtestor,
487 302 548 335 pro
565 293 748 335 majestate
767 297 907 324 tuorum
924 301 933 324 :

108 337 224 378 Quum
236 338 311 380 jam
329 336 510 370 connubiis
527 348 647 381 pacem
665 336 834 379 felicibus,
851 340 933 374 esto.

108 383 331 427 component,
349 394 458 426 quum
470 384 545 427 jam
563 383 655 426 leges
672 387 708 416 et
724 383 854 416 foedera
865 383 1041 425 jungent:

108 428 160 462 Ne
179 432 278 462 vetus
297 428 478 472 indigenas
496 440 621 461 nomen
638 433 775 462 mutare
792 428 943 471 Latinos,

109 474 186 508 Neu
204 475 307 508 Troas
324 474 399 507 fieri
412 474 544 518 jubeas,
563 475 778 518 Teucrosque
796 474 908 507 vocari
925 486 933 514 ;

109 521 181 553 Aut
199 531 317 553 vocem
334 525 470 553 mutare
487 520 587 563 viros,
605 525 668 554 aut
685 525 818 554 vertere
835 524 957 553 vestes.

109 565 162 599 Sit
180 565 331 609 Latium,
349 565 419 599 sint
437 565 564 599 Albani
582 577 642 610 per
660 566 787 599 saecula
803 576 900 609 reges
915 577 924 606 ;

109 611 163 645 Sit
182 611 337 644 Romana
353 616 476 655 potens
494 612 586 645 Itala
603 612 734 645 virtute
750 622 902 655 propago
916 623 925 652 ;

106 658 254 698 Occidit,
271 657 503 700 occideritque
520 658 611 691 sinas
628 669 708 691 cum
726 657 866 690 nomine
882 657 996 699 Troia.
1001 657 1019 670 ''

155 703 222 736 Olli
241 701 422 735 subridens
440 702 621 736 hominum
639 713 824 746 rerumque
840 708 1017 745 repertor.

106 750 126 768 “
139 749 182 782 Et
201 759 366 792 germana
383 748 408 781 J
411 759 494 789 ovm
508 748 719 792 Saturnique
736 748 847 781 altera
865 748 986 790 proles,

112 791 249 824 Irarum
266 794 382 825 tantos
399 791 508 825 volvis
526 793 589 825 sub
607 798 744 836 pectore
760 792 888 825 fluctus
902 792 915 826 ’ἱ

111 836 243 870 Verum
261 848 336 880 age,
353 842 388 870 et
405 837 584 890 inceptum
601 839 729 872 frustra
747 837 913 872 submitte
933 837 1093 872 furorem.

112 883 173 924 Do,
193 883 284 927 quod
301 883 374 916 vis·
368 909 375 924 ‚
401 888 435 916 et
452 895 507 917 me
526 884 705 928 victusque
724 883 909 927 volensque
928 884 1075 917 remitto.

111 929 310 962 Sermonem
328 929 472 962 Ausonii
490 930 643 973 patrium
661 941 839 973 moresque
858 929 1028 963 tenebunt
1044 941 1051 969 ;

113 975 229 1018 thue
239 980 307 1018 est,
326 986 451 1008 nomen
468 976 533 1008 erit
548 988 556 1016 ;
582 976 761 1009 commixti
780 986 918 1019 corpore
937 980 1077 1008 tantum

73 1052 81 1062 ,
113 1020 300 1055 Subsident
317 1020 448 1054 Teucri.
490 1021 622 1054 Morem
639 1022 798 1065 ritusque
816 1032 990 1054 sacrorum

113 1066 295 1110 Adjiciam‚
313 1067 508 1110 faciamque
526 1078 642 1100 omnes
660 1078 729 1100 uno
747 1078 803 1100 ore
822 1067 973 1100 Latinos.

114 1113 208 1146 Hinc
225 1123 334 1156 genus
353 1112 504 1146 Ausonio
521 1113 674 1146 mixtum
692 1112 782 1156 quod
801 1113 970 1155 sanguine
988 1114 1116 1156 surget,

113 1158 226 1202 Supra
243 1158 408 1201 homines,
426 1170 531 1202 supra
549 1159 596 1191 ire
614 1159 694 1192 deos
712 1159 793 1202 piet·
795 1163 843 1191 ite
860 1158 1011 1191 videbis·
1003 1183 1013 1199 ,

114 1205 186 1238 Nec
203 1215 287 1248 gens
305 1204 376 1237 ulla
393 1209 470 1238 tuos
487 1216 583 1248 aeque
601 1204 789 1237 celebrabit
806 1204 976 1237 honores?

115 1250 250 1284 Annuit
268 1250 321 1283 his
339 1250 364 1284 J
369 1262 445 1294 uno
463 1255 498 1283 et
515 1255 669 1283 mentem
686 1250 805 1283 laetata
822 1250 970 1284 retorsit.

116 1297 254 1330 Interea
271 1296 408 1329 excedit
426 1296 518 1338 coelo,
537 1296 732 1340 nubemque
748 1296 898 1348 reliquit.

163 1342 227 1375 His
245 1342 341 1385 actis,
359 1342 454 1375 aliud
475 1342 616 1375 Genitor
633 1353 749 1375 secum
768 1342 840 1386 ipse
858 1341 1002 1383 volutat,

115 1388 140 1422 J
142 1392 376 1432 uturnamque
394 1392 495 1431 parat
512 1388 628 1421 fratris
646 1388 822 1421 dimittere
839 1387 883 1420 ab
901 1387 1014 1421 armis.

117 1434 292 1467 Dicuntur
309 1434 456 1477 geminae
474 1438 587 1478 pestes
605 1434 808 1476 cognomine
827 1433 930 1475 Dirae,

117 1479 210 1521 Quas
227 1484 262 1513 et
280 1479 479 1513 Tartaream
498 1480 575 1513 Nox
594 1480 802 1523 intempesta
821 1478 1009 1523 Megaeram

118 1524 194 1558 Uno
212 1525 399 1569 eodemque
417 1525 501 1559 tulit
518 1529 631 1570 partu,
649 1525 860 1569 paribusque
877 1524 1032 1557 revinxit

117 1571 324 1615 Serpentum
344 1571 453 1615 spiris,
472 1577 699 1615 ventosasque
717 1571 853 1604 addidit
870 1570 952 1603 alas.

119 1616 184 1649 Hae
202 1617 226 1650 J
229 1617 301 1650 ovis
318 1617 362 1650 ad
380 1617 515 1659 solium,
533 1617 683 1661 saevique
700 1617 735 1650 in
754 1616 872 1649 limine
888 1616 989 1659 regis,

123 1665 308 1706 Apparent,
326 1667 525 1707 acuuntque
543 1669 675 1696 metum
692 1662 896 1696 mortalibus
914 1661 1022 1705 aegris,

119 1708 155 1741 Si
173 1708 311 1751 quando
329 1709 438 1741 letum
456 1709 654 1742 horrificum
671 1708 874 1752 morbosque
891 1707 994 1741 deum
1012 1716 1074 1740 rex

120 1752 274 1794 Molitur,
292 1755 432 1787 meritas
450 1759 512 1787 aut
529 1754 617 1788 bello
636 1754 774 1788 territat
793 1753 903 1788 urbes.

1157 290 1225 322 820

1161 748 1230 780 830

1164 1204 1232 1236 840

1168 1661 1236 1693 850
