1345 1927
110 45 156 78 32
423 42 460 77 P.
480 43 686 77 VIRGILII
712 43 928 77 MARONIS

111 111 371 155 Haedorumque
389 111 462 145 dies
480 112 640 145 servandi
657 115 693 146 et
709 112 848 145 lucidus
865 105 1011 156 Anguis,

111 158 225 199 Quam
242 158 368 202 quibus
386 158 423 191 in
440 159 592 202 patriam
609 162 752 191 ventosa
769 169 830 202 per
848 169 986 202 aequora
1002 158 1112 192 vectis

110 203 244 237 Pontus
262 208 297 238 et
314 204 464 238 ostriferi
481 204 598 237 fauces
616 208 800 237 tentantur
817 203 943 247 Abydi.

109 248 216 283 Libra
233 250 289 283 die
307 250 487 294 somnique
505 261 603 294 pares
620 249 681 282 ubi
698 249 820 283 fecerit
837 250 947 293 horas,

108 295 156 330 Et
172 296 328 330 medium
345 296 416 329 luci
433 301 540 340 atque
557 295 689 328 umbris
701 296 776 338 jam
793 295 921 329 dividit
938 295 1064 340 orbem,

109 342 287 384 Excrcete,
306 342 382 385 viri,
400 348 540 382 tauros3
566 342 668 374 serite
686 342 815 375 hordea
831 342 962 386 campis
1169 344 1239 377 210

109 389 157 421 Ls
143 400 227 432 sque
245 388 308 421 sub
327 393 523 422 extremum
539 387 671 421 brumae
689 387 920 421 intractabilis
938 388 1105 423 imbrem:

107 434 180 468 Nec
197 446 266 467 non
284 438 320 467 et
336 435 400 467 lini
418 439 569 478 segetem
587 439 621 467 et
640 434 731 467 Cere
732 434 776 467 ile
794 445 945 478 papaver

108 480 258 524 Tempus
275 480 382 513 humo
400 486 525 523 tegere,
543 485 578 513 et
590 480 801 523 jamdudum
817 480 1018 514 incumbere
1034 481 1168 525 aratris,

106 525 202 559 Dum
219 527 310 559 sicca
326 527 451 560 tellure
469 527 560 569 licet,
579 526 662 558 dum
679 525 802 558 nubila
818 526 981 569 pendent.

109 572 197 605 Vere
213 572 303 605 fabis
321 572 430 605 satio·
423 599 431 613 ,
457 577 533 605 tum
551 576 586 605 te
604 582 672 614 quo
676 582 752 615 clue,
771 571 918 614 Medica,
936 576 1056 616 putres

106 618 297 661 Accipiunt
315 618 412 661 sulci,
430 622 470 652 et
481 618 578 651 milio
595 618 692 651 venit
709 628 828 650 annua
845 628 937 661 cura,

107 664 285 697 Candidus
302 665 435 698 auratis
451 664 564 709 aperit
581 674 689 708 quum
707 663 866 696 cornibus
884 675 1017 697 annum

107 709 252 753 Taurus,
271 714 305 744 et
323 710 466 744 adverso
483 710 607 744 cedens
626 710 728 743 Canis
745 709 872 742 occidit
889 715 990 744 astro.

105 755 155 790 At
172 756 201 790 si
217 756 392 789 triticeam
409 756 446 790 in
462 767 608 790 messem
621 756 835 800 *robustaque
853 756 946 790 farra

105 802 292 836 Exercebis
308 802 466 846 humum,
485 802 632 846 solisque
648 801 795 835 instabis
812 802 937 846 aristis,
1166 805 1235 838 220

105 848 200 882 Ante
215 848 282 882 tibi
298 848 380 882 Eoae
397 848 596 882 Atlantides
615 847 881 891 abscondantur,

106 892 302 938 Gnosiaque
319 895 473 928 ardentis
490 894 635 928 decedat
652 893 753 926 stella
771 894 921 937 Coronae,

103 939 233 974 Debita
251 952 357 984 quam
374 941 477 974 sulcis
495 940 691 974 committas
709 940 850 983 semina,
869 951 1042 985 quamque

105 985 232 1020 Invitae
249 998 409 1031 properes
426 987 511 1020 anni
528 997 624 1030 spem
641 985 777 1019 credere
794 989 904 1019 terrae.

103 1031 213 1065 Multi
230 1038 311 1066 ante
329 1044 488 1066 occasum
505 1033 609 1066 Maiae
627 1043 759 1075 coepere
773 1044 781 1073 ;
807 1032 866 1065 sed
883 1031 959 1066 illos

102 1077 300 1123 Expectata
317 1090 412 1123 seges
429 1079 528 1112 vanis
545 1078 649 1112 elusit
666 1078 790 1112 aristis.

101 1123 139 1158 Si
156 1136 236 1158 vero
253 1125 449 1169 viciamque
467 1136 555 1158 seres
572 1124 745 1168 vilemque
762 1123 919 1168 faselum,

100 1170 136 1203 N
137 1182 175 1204 ec
192 1170 381 1204 Pelusiacae
399 1182 519 1205 curam
535 1169 761 1215 aspernabere
778 1170 891 1213 lentis,

101 1215 211 1250 Haud
228 1217 372 1250 obscura
389 1218 515 1251 cadens
530 1217 650 1250 mittet
666 1216 731 1250 tibi
749 1216 848 1260 signa
865 1217 988 1251 Bootes
1002 1229 1011 1259 ;

101 1262 232 1307 Incipe,
250 1267 285 1297 et
302 1263 347 1297 ad
362 1264 494 1297 medias
512 1268 700 1296 sementem
718 1263 867 1296 extende
883 1264 1036 1307 pruinas.
1162 1266 1232 1299 230

148 1309 282 1343 Idcirco
300 1310 402 1343 certis
420 1309 615 1343 dimensum
631 1308 788 1353 partibus
806 1308 923 1342 orbem

100 1354 168 1388 Per
184 1355 345 1389 duodena
360 1356 450 1399 regit
467 1355 592 1388 mundi
609 1355 666 1389 Sol
683 1366 809 1388 aureus
826 1359 928 1389 astra.

100 1401 263 1446 Quinque
280 1406 402 1435 tenent
419 1402 545 1435 coelum
561 1413 656 1435 zonae
671 1413 678 1435 ε
704 1412 854 1445 quarum
870 1413 942 1435 una
958 1413 1097 1437 corusco

99 1447 242 1491 Semper
259 1448 328 1481 sole
344 1448 471 1481 rubens
489 1452 524 1481 et
540 1448 672 1481 torrida
689 1459 823 1492 semper
839 1447 883 1481 ab
899 1448 975 1492 igni
988 1461 997 1489 ;

100 1496 213 1534 Quam
230 1494 362 1527 circum
379 1498 544 1528 extremae
563 1494 688 1528 dextra
703 1494 862 1537 laevaque
878 1494 1078 1539 trahuntur,

99 1539 257 1574 Caerulea
273 1540 384 1584 glacie
402 1544 569 1574 concretae
587 1545 694 1584 atque
710 1540 880 1573 imbribus
896 1540 981 1574 atris
995 1552 1003 1574 :

97 1585 173 1619 Has
190 1586 282 1619 inter
296 1587 518 1629 mediamque
535 1586 614 1619 duae
632 1586 838 1619 mortalibus
856 1586 955 1630 aegris

97 1631 245 1665 Munere
263 1643 431 1666 concessae
449 1633 570 1666 divum
585 1646 592 1673 3
618 1633 675 1666 via
693 1638 786 1666 secta
801 1643 863 1676 per
879 1632 1008 1676 ambas,

97 1677 268 1721 Obliquus
286 1690 356 1722 qua
373 1690 408 1712 se
425 1679 602 1722 signorum
618 1682 769 1712 verteret
786 1678 876 1712 ordo.

96 1723 262 1766 Mundus,
279 1730 321 1759 ut
337 1725 383 1759 ad
399 1725 581 1769 Scythiam
599 1725 831 1770 Rhipaeasque
847 1724 978 1759 arduus
994 1735 1090 1760 arces
1155 1727 1225 1760 240
