1345 1927
90 31 156 63 lOO
399 26 437 61 P.
456 25 661 61 VIRGILII
686 24 901 60 MARONIS

91 90 231 124 Italiam
248 100 364 134 quaero
381 89 540 134 patriam,
558 99 668 132 genus
685 87 729 121 ab
746 87 835 121 Jove
852 97 995 120 summo.
1140 87 1210 120 380

89 137 147 169 Bis
165 136 262 169 denis
280 135 475 179 Phrygium
491 134 672 168 conscendi
691 133 839 166 navibus
856 143 982 177 aequor,

87 182 202 215 Matre
219 182 283 215 dea
300 184 515 214 monstrante
533 180 635 223 viam,
654 179 736 213 data
753 179 828 212 fata
845 182 992 212 secutus.

89 227 158 261 Vix
177 232 308 271 septem
326 227 498 260 convulsae
515 226 619 259 undis
636 236 787 269 euroque
804 227 1000 268 supersunt.

87 273 166 317 Ipse
183 274 333 317 ignotus,
351 284 466 316 egens,
483 271 599 316 Libyae
617 271 752 305 deserta
769 281 923 315 peragro,

80 318 223 362 Europa
241 322 346 363 at-lue
366 318 447 351 Asia
464 318 617 362 pulsus.”
668 317 740 349 Nec
758 316 859 360 plura
876 319 1080 359 querentem

81 363 188 398 Passa
208 364 328 397 Venus
343 364 459 397 medio
477 365 525 398 sic
543 363 710 398 interfata
727 362 845 394 dolore
862 369 914 395 est
929 373 935 394 :

129 411 148 426 ‘³
162 410 327 453 Quisquis
345 421 390 449 es,
409 409 514 451 haud,
533 411 643 451 eredo,
660 408 793 441 invisus
810 406 1008 441 caelestibus
1025 418 1128 441 auras

86 452 220 486 Vitales
237 452 359 497 carpis,
377 453 518 496 Tyriam
535 453 596 496 qui
613 452 794 486 adveneris
811 452 939 486 urbem.

83 497 194 542 Perge
209 498 321 541 modo,
339 502 445 542 atque
461 498 543 531 hinc
561 502 596 532 te
612 498 741 541 reginoe
757 498 802 531 ad
820 498 942 532 limina
959 498 1082 542 perfer.

82 543 242 588 Namque
259 544 324 577 tibi
341 544 482 577 reduces
500 544 605 577 socios
623 544 835 587 classemque
851 544 998 577 relatam
1138 545 1206 578 390

81 589 117 622 N
118 591 229 633 uncio,
247 593 282 623 et
299 589 336 622 in
353 594 472 622 tutum
489 590 595 623 versis
613 589 833 634 aquilonibus
850 594 976 633 actam,

81 634 113 668 N
116 636 128 668 i
145 635 275 668 frustra
292 636 480 679 augurium
496 636 578 669 vani
596 635 742 669 docuere
757 640 927 680 parentes.

81 681 208 725 Aspice
224 681 277 714 bis
294 693 391 714 senos
408 681 569 715 laetantes
586 681 725 725 agmine
742 692 876 725 cycnos,

81 727 241 760 AEtheria
258 739 341 772 quos
358 727 455 772 lapsa
472 728 577 772 plaga
594 728 619 761 J
621 727 694 760 ovis
711 727 782 760 ales
799 731 919 771 aperto

80 772 258 806 Turbabat
274 773 359 806 coelo
374 785 382 814 3
408 785 502 806 nunc
519 778 628 806 terras
645 773 765 806 ordine
781 773 885 816 longo

78 819 153 852 Aut
170 830 301 863 capere,
319 823 381 852 aut
399 824 519 863 captas
533 820 608 863 jam
626 819 826 863 despectare
845 819 1028 853 videntur:

79 863 129 898 Ut
145 865 289 898 reduces
305 865 358 897 illi
375 865 505 898 ludunt
522 865 749 898 stridentibus
766 865 840 908 alis,

77 909 125 944 Et
142 915 235 944 eoetu
253 911 393 944 cinxere
409 910 538 955 polum,
557 915 749 954 cantusque
766 911 899 954 dedere,

77 955 185 989 Haud
203 957 306 990 aliter
321 968 524 1001 puppesque
542 960 613 990 tuae
629 956 807 1000 pubesque
825 962 966 990 tuomm

76 1002 151 1035 Aut
167 1007 307 1046 portum
325 1008 432 1046 tenet,
451 1007 514 1036 aut
530 1002 634 1047 pleno
651 1002 745 1036 subit
762 1003 850 1036 ostia
867 1003 952 1036 velo.
1130 1005 1200 1036 400

76 1046 187 1092 Perge
203 1048 313 1092 modo,
332 1052 376 1091 et,
395 1059 464 1092 qua
480 1053 516 1082 te
534 1048 631 1081 ducit
648 1049 714 1091 via,
733 1049 842 1091 dirige
859 1048 1048 1092 gressum.”

122 1094 225 1127 Dixit
239 1107 247 1135 ;
273 1098 308 1128 et
325 1099 484 1128 avertens
500 1105 598 1128 rosea
615 1095 747 1127 cervice
763 1095 910 1138 refulsit,

75 1140 335 1184 Ambrosiasque
352 1151 456 1173 comae
475 1140 634 1173 divinum
651 1140 779 1173 vertice
796 1140 935 1174 odorem

75 1185 256 1229 Spiravere
270 1198 277 1220 z
302 1186 406 1230 pedes
423 1186 529 1219 vestis
546 1185 695 1219 defluxit
711 1186 756 1219 ad
773 1186 859 1219 im08
873 1199 881 1227 ;

75 1229 123 1265 Et
139 1243 221 1265 vera
237 1232 373 1265 incessu
391 1232 510 1275 patuit
527 1231 599 1265 dea.
642 1231 708 1265 Ille
724 1231 786 1265 ubi
802 1237 950 1265 matrem

74 1277 239 1321 Agnovit,
257 1277 322 1311 tali
338 1278 532 1321 fugientem
551 1281 604 1310 est
620 1288 702 1311 voce
719 1282 859 1311 secutus
873 1290 880 1311 :

75 1323 94 1339 “
109 1323 201 1362 Quid
217 1328 342 1356 natum
361 1323 464 1357 toties
483 1323 633 1357 crudelis
650 1328 690 1357 tu
708 1336 844 1368 quoque
861 1324 957 1357 falsis

72 1366 183 1401 Ludis
202 1369 441 1413 imaginibus?
467 1380 530 1402 cur
547 1369 681 1403 dextrae
694 1371 845 1414 jungere
861 1370 1023 1404 dextram

71 1412 151 1445 Non
170 1414 285 1456 datur,
303 1426 343 1448 ac
361 1426 460 1449 veras
478 1415 599 1448 audire
616 1420 651 1448 et
667 1416 810 1449 reddere
827 1427 926 1449 voces
942 1415 977 1449 ‘3”

72 1454 215 1489 Talibus
232 1455 381 1498 incusat,
397 1467 624 1499 gressumque
641 1456 686 1490 ad
701 1457 831 1491 moenja
846 1458 970 1492 tendit.
1125 1461 1194 1493 410

71 1501 121 1535 At
139 1502 257 1535 Venus
275 1501 418 1534 obscuro
435 1501 634 1545 gradientes
651 1503 731 1536 ae're
748 1503 863 1547 sepsit,

71 1545 119 1580 Et
135 1547 247 1580 multo
262 1546 400 1580 nebulae
417 1548 547 1581 circum
563 1547 627 1581 dea
643 1548 738 1582 fudit
755 1549 897 1591 amictu,

72 1592 218 1626 Cernere
233 1604 278 1626 ne
294 1593 372 1637 quis
389 1604 454 1636 eos,
471 1604 540 1626 neu
557 1594 635 1637 quis
651 1595 852 1638 contingere
867 1599 992 1640 posset,

69 1636 233 1672 Molirive
249 1650 392 1681 moram,
409 1643 472 1672 aut
488 1639 650 1672 veniendi
667 1651 806 1684 poscere
822 1652 954 1676 causas.

70 1683 154 1728 Ipsa
171 1683 332 1729 Paphum
350 1684 505 1717 sublimis
522 1684 606 1728 abit,
624 1686 788 1730 sedesque
804 1687 924 1720 revisit
