1345 1927
110 55 175 88 172
416 54 452 88 P.
472 54 675 88 VIRGILII
703 54 915 88 MARONIS

107 122 299 167 Spargere?
324 133 394 156 non
411 123 527 165 socios,
545 134 613 156 non
633 123 746 167 ipsum
764 122 942 156 absumere
960 122 1049 156 ferro

108 168 308 212 Ascanium,
325 169 516 213 patriisque
533 168 748 212 epulandum
766 179 890 212 ponere
907 168 1056 202 mensis?

107 214 238 248 Verum
254 225 381 258 anceps
398 225 522 258 pugnae
541 216 655 247 fuerat
672 214 1028 255 fortuna.—Fuisset;

108 260 220 301 Quem
236 261 347 294 metui
365 260 556 293 moritura?
599 260 704 293 Faces
722 260 758 292 in
777 264 889 293 castra
907 260 1074 302 tulissem,

109 305 379 350 Implessemque
396 307 485 339 foros
502 306 661 348 flammis,
676 310 868 349 natumque
886 310 1090 350 patremque

108 351 196 385 Cum
212 363 336 396 genere
353 352 560 395 exstinxem,
578 356 706 385 memet
724 363 826 396 super
844 351 920 395 ipsa
937 351 1116 384 dedissem.

107 397 176 441 Sol,
194 398 254 442 qui
272 402 444 431 terrarum
460 397 608 430 flammis
626 409 729 441 opera
746 398 862 430 omnia
878 397 1015 439 lustras,

107 443 229 487 Tuque
246 443 371 477 harum
389 444 558 487 interpres
576 454 738 476 curarum
756 447 791 476 et
808 443 943 476 conscia
960 443 984 476 J
987 453 1066 486 uno,

106 488 140 522 N
143 490 365 532 octurnisque
383 489 516 521 Hecate
533 489 645 521 triviis
663 488 802 522 ululata
818 500 880 533 per
895 488 1005 531 urbes,

109 534 156 568 Et
173 535 266 567 Dirae
283 534 436 577 ultrices,
453 538 488 567 et
506 534 541 566 di
558 534 736 567 morientis
754 534 883 577 Elissae,
1162 535 1229 566 610

107 580 266 624 Accipite
285 580 368 623 haec,
385 580 618 623 meritumque
634 579 735 612 malis
753 580 925 613 advertite
942 591 1082 622 numen,

108 625 155 659 Et
172 630 306 659 nostras
324 625 443 659 audite
460 636 585 669 preces,
627 624 664 658 Si
681 628 824 668 tangere
841 629 961 669 portus

110 671 304 705 Infandum
321 675 428 715 caput
446 682 485 704 ac
503 671 604 704 terris
622 670 751 704 adnare
768 682 904 704 necesse
922 674 983 713 est,

107 717 154 750 Et
172 718 220 750 sic
236 717 311 750 fata
327 717 353 750 J
355 717 427 750 ovis
444 720 602 760 poscunt,
620 716 677 749 hic
695 717 864 750 terminus
882 717 1012 751 haeret:

107 763 156 796 At
173 763 263 796 bello
280 763 421 796 audacis
439 762 559 806 populi
578 766 724 795 vexatus
742 766 777 795 et
794 763 909 807 armis,

109 808 256 842 Finibus
274 809 430 851 extorris,
448 808 633 851 complexu
649 808 792 841 avulsus
810 808 890 852 Iuli,

108 855 294 888 Auxilium
311 854 481 898 imploret,
500 854 685 897 videatque
702 853 849 897 indigna
866 866 1007 888 suorum

110 900 248 933 Funera
262 912 270 941 ;
295 911 368 943 nee,
387 911 497 944 quum
516 911 550 932 se
568 899 630 932 sub
648 899 740 942 leges
758 900 852 943 pacis
870 900 999 944 iniquae

108 946 314 988 Tradiderit,
332 957 437 989 regno
455 949 517 978 aut
535 949 655 989 optata
672 945 749 978 luce
766 945 914 988 fruatur,

108 991 175 1025 Sed
193 991 295 1025 cadat
313 995 394 1025 ante
412 991 503 1024 diem
520 991 703 1035 mediaque
721 991 926 1024 inhumatus
943 1003 1056 1026 arena.
1164 993 1231 1024 620

111 1037 196 1070 Haec
213 1049 332 1082 precor
342 1049 350 1078 ;
374 1037 465 1070 hanc
482 1048 600 1070 vocem
618 1041 810 1070 extremam
828 1049 906 1070 cum
926 1038 1094 1081 sanguine
1111 1036 1230 1070 fundo.

109 1083 198 1116 Tum
216 1095 284 1124 vos,
301 1095 321 1117 o
339 1083 444 1126 Tyrii,
463 1083 606 1126 stirpem
624 1087 658 1116 et
675 1094 784 1126 genus
803 1094 903 1116 omne
920 1084 1082 1117 futurum

112 1128 278 1162 Exercete
295 1129 383 1163 odiis
398 1141 406 1169 ;
432 1128 608 1172 cinerique
625 1128 700 1161 haec
717 1128 849 1162 mittite
866 1133 982 1162 nostro

108 1174 267 1208 Munera.
310 1174 438 1207 Nullus
455 1185 551 1207 amor
568 1173 714 1217 populis,
733 1185 796 1207 nec
813 1175 944 1208 foedera
960 1179 1073 1209 sunto,

109 1220 275 1254 Exoriare
292 1220 419 1263 aliquis
436 1219 562 1253 nostris
580 1231 623 1252 ex
641 1220 772 1252 ossibus
790 1220 892 1263 ultor,

111 1266 179 1306 Qui
196 1266 271 1299 face
288 1265 483 1299 Dardanios
500 1265 659 1308 ferroque
677 1277 819 1309 sequare
837 1266 983 1309 colonos,

108 1311 221 1354 Nunc,
241 1311 333 1355 olim,
352 1322 568 1355 quocumque
586 1311 720 1345 dabunt
738 1323 772 1344 se
790 1315 943 1356 tempore
961 1312 1058 1346 vires.

109 1357 229 1391 Litora
245 1357 405 1391 litoribus
423 1357 606 1400 contraria,
623 1357 788 1390 fiuctibus
805 1358 917 1391 undas

109 1403 297 1447 Imprecor‚
316 1414 412 1436 arma
429 1403 533 1436 armis
548 1415 556 1444 3
583 1407 741 1447 pugnent
758 1403 894 1447 ipsique
912 1404 1149 1448 nepotesque.’'

156 1450 241 1483 Haec
258 1450 319 1491 ait,
338 1453 372 1482 et
390 1452 504 1493 partes
522 1449 679 1482 animum
696 1449 856 1483 versabat
872 1450 910 1482 in
927 1461 1053 1492 omnes,
1164 1450 1232 1482 630

109 1495 265 1529 Invisam
282 1506 439 1539 quaerens
457 1506 561 1538 quam
579 1495 731 1539 primum
747 1495 952 1539 abrumpere
969 1495 1092 1529 lucem.

108 1541 198 1574 Tum
215 1541 366 1574 breviter
383 1541 519 1574 Barcen
536 1541 709 1574 nutricem
727 1541 833 1574 affata
851 1541 1007 1585 Sychaei3

109 1586 269 1630 Namque
287 1598 385 1620 suam
402 1586 517 1630 patria
534 1587 680 1631 antiqua
698 1587 784 1620 cinis
802 1591 876 1620 ater
893 1586 1064 1621 habebat:

113 1631 282 1666 “Annam
300 1644 379 1666 cara
395 1631 482 1664 mihi
500 1632 621 1664 nutrix
639 1632 708 1665 huc
726 1632 809 1666 siste
828 1643 975 1666 sororem
991 1645 998 1673 ;

110 1677 184 1721 Dic,
203 1688 326 1721 corpus
344 1679 504 1720 properet
521 1676 656 1710 fluviali
674 1689 834 1721 spargere
851 1677 1005 1721 lympha,

110 1722 156 1757 Et
173 1723 322 1768 pecudes
339 1733 456 1756 secum
473 1726 508 1756 et
524 1727 717 1757 monstrata
734 1723 873 1768 piacula
890 1723 1016 1757 ducat:
