1345 1927
456 52 673 87 AENEIDOS
698 52 784 86 LIB.
812 52 860 86 ΙΙ.
1163 54 1221 85 121

117 121 300 155 Excessere
318 132 443 163 omnes,
460 121 575 164 adytis
592 121 728 164 arisque
744 120 885 163 relictis,
932 135 935 137 >

117 167 172 210 Di,
191 167 314 211 quibus
331 167 516 210 imperium
533 167 597 199 hoc
615 169 777 207 steterat;
804 165 1005 199 succurritis
1022 165 1100 199 urbi

117 212 271 246 Incensae
286 224 293 246 :
309 212 497 245 moriamur
514 215 549 245 et
565 212 603 244 in
619 212 734 245 media
750 222 846 245 arma
862 213 1012 244 ruamus

117 257 196 291 Una
213 258 304 291 salus
321 257 422 291 victis
438 257 572 290 nullam
590 269 724 301 sperare
742 256 910 290 salutem.’

116 302 172 336 Sic
189 303 314 337 animis
326 304 497 346 juvenum
513 303 609 336 furor
626 302 776 336 additus.
818 302 914 345 Inde,
931 301 1007 345 lupi
1025 313 1087 335 ceu

117 347 284 392 Raptores
301 353 377 382 atra
393 348 431 381 in
447 348 583 390 nebula,
602 359 687 391 quos
703 347 859 391 improba
876 347 1007 381 ventris

115 393 243 437 Exegit
261 405 367 427 caecos
384 394 504 436 rabies,
523 394 699 437 catulique
715 393 829 427 relicti

115 438 288 473 Faucibus
306 443 510 483 exspectant
528 439 643 480 siccis3
668 450 729 483 per
745 439 825 480 tela,
842 450 904 482 per
920 438 1035 471 hostes

116 483 284 518 Vadimus
301 485 396 518 haud
415 485 556 518 dubiam
573 485 610 518 in
626 488 782 527 mortem,
798 484 990 527 mediaeque
1008 488 1166 516 tenemus

114 529 217 563 Urbis
234 531 301 563 iter
315 542 321 564 :
346 542 416 563 nox
434 534 510 564 atra
527 542 612 564 cava
629 530 854 563 circumvolat
870 530 1002 563 umbra.
1162 530 1229 562 360

116 575 200 616 Quis
218 576 351 609 cladem
367 576 461 608 illius
478 576 600 619 noctis,
617 576 694 619 quis
710 576 834 608 funera
850 575 955 608 fando

114 619 286 664 Explicet,
304 625 366 655 aut
382 621 489 665 possit
506 621 656 654 lacrimis
674 632 808 664 aequare
825 621 957 654 labores
971 620 983 653 ’ἒ

114 666 204 700 Urbs
221 667 366 710 antiqua
382 667 464 709 ruit,
481 667 610 700 multos
628 667 806 700 dominata
822 678 883 710 per
900 677 1007 699 annos
1022 677 1028 699 ε

114 710 270 746 Plurima
286 724 415 756 perque
432 712 505 745 vias
523 716 728 745 sternuntur
745 712 871 744 inertia
887 711 1016 755 passim

114 757 271 801 Corpora,
289 769 416 801 perque
433 758 560 800 domos,
578 761 613 790 et
629 758 790 800 religiosa
808 757 951 789 deorum

113 801 258 836 Limina.
299 803 332 836 N
334 814 371 836 ec
389 803 451 836 soli
468 814 587 846 poenas
605 803 690 836 dant
708 802 876 845 sanguine
893 801 1035 842 Teucri3

114 847 297 888 Quondam
314 849 419 881 etiam
436 848 537 881 victis
554 848 645 882 redit
662 848 699 881 in
716 847 906 891 praecordia
923 847 1045 890 virtus,

113 892 336 937 Victoresque
353 894 483 927 cadunt
501 893 624 927 Danai.
667 893 822 927 Crudelis
838 893 969 936 ubique

112 937 253 981 Luctus,
270 939 400 983 ubique
417 951 533 982 pavor,
551 942 586 972 et
602 939 754 983 plurima
770 939 891 972 mortis
908 939 1031 982 imago.

160 985 178 1003 “
191 985 329 1018 Primus
347 997 392 1023 se,
410 986 570 1018 Danaum
587 997 715 1027 magna
731 987 921 1019 comitante
939 991 1085 1028 caterva,
1161 989 1230 1022 370

115 1029 320 1074 Androgeus
337 1030 436 1063 offert
453 1030 560 1072 nobis,
579 1031 670 1064 socia
686 1031 829 1074 agmina
845 1032 986 1065 credens

116 1075 259 1118 Inscius,
277 1080 381 1119 atque
398 1076 490 1108 ultro
507 1075 619 1109 verbis
636 1077 820 1120 compellat
838 1078 957 1110 amicis
972 1090 978 1111 :

119 1123 128 1139 ‘
140 1121 326 1160 Festinate‚
344 1121 409 1153 viri
424 1133 430 1154 :
456 1132 525 1154 non
543 1133 619 1163 quae
636 1126 709 1154 tam
728 1134 803 1155 sera
821 1128 976 1155 moratur

113 1163 283 1206 Segnities
298 1164 309 1197 ’.ῑ
335 1164 395 1197 alii
413 1165 556 1208 rapiunt
572 1166 714 1199 incensa
729 1166 917 1210 feruntque

112 1208 281 1252 Pergama
296 1222 302 1243 :
328 1222 387 1243 vos
404 1210 502 1243 celsis
520 1222 614 1244 nunc
631 1212 784 1255 primum
801 1223 821 1245 a
836 1211 983 1245 navibus
1000 1211 1059 1244 itis
1072 1211 1099 1244 ‘l'

111 1253 214 1287 Dixit
228 1268 236 1295 ;
262 1259 296 1288 et
314 1256 648 1300 extemplo—neque
666 1257 759 1290 enim
776 1268 938 1300 responsa
956 1257 1131 1291 dabantur

112 1299 201 1333 Fida
218 1301 456 1334 satis—sensit
472 1302 602 1334 medios
620 1302 781 1346 delapsus
800 1303 837 1335 in
854 1302 977 1336 hostes.

113 1345 312 1389 Obstupuit,
329 1350 488 1390 retroque
505 1347 627 1390 pedem
645 1359 725 1380 cum
741 1359 824 1381 voce
839 1348 1020 1392 repressit„

112 1390 343 1434 Improvisum
361 1392 469 1435 aspris
487 1393 598 1426 veluti
615 1394 676 1436 qui
694 1393 848 1426 sentibus
866 1405 1016 1437 anguem

111 1435 241 1469 Pressit
258 1437 357 1470 humi
374 1438 498 1480 nitens,
516 1439 741 1482 trepidusque
757 1443 899 1483 repente
916 1439 1048 1483 refugit
1162 1442 1231 1474 380

111 1482 342 1515 Attollentem
358 1483 436 1526 iras,
454 1487 489 1516 et
507 1484 634 1517 caerula
651 1484 738 1517 colla
755 1488 949 1518 tumentem
964 1497 971 1518 :

111 1527 218 1560 Haud
236 1539 333 1562 secus
347 1528 553 1572 Androgeus
570 1530 648 1563 visu
665 1530 888 1564 tremefactus
906 1530 1034 1565 abibat.

111 1572 292 1616 Irruimus,
310 1573 424 1607 densis
441 1578 476 1607 et
494 1575 808 1608 circumfundimur
824 1576 929 1609 armis
943 1589 952 1617 ς

111 1618 323 1663 Ignarosque
341 1619 407 1653 loci
424 1620 552 1663 passim
569 1624 604 1654 et
620 1621 804 1655 formidine
821 1625 939 1665 captos

110 1663 313 1698 Sternimus.
354 1665 497 1709 Aspirat
514 1667 624 1710 primo
641 1667 782 1700 fortuna
798 1667 916 1700 labori.

110 1709 227 1754 Atque
243 1710 301 1745 hic
318 1721 477 1745 successu
494 1712 672 1746 exsultans
690 1712 883 1758 animisque
901 1712 1072 1757 Coroebus,

357 1863 371 1878 0
