1345 1927
53 46 119 77 106
360 42 398 77 P.
418 42 622 76 VIRGILII
647 40 862 75 MARONIS

49 111 77 144 Ο
95 109 167 143 sola
183 109 344 143 infandos
362 109 470 153 Trojae
487 109 651 142 miserata
667 108 808 151 labores,

50 156 134 197 Quae
151 167 223 198 nos,
240 155 404 199 reliquias
422 156 593 197 Danaum,
612 159 781 197 tcrroeque
798 152 972 196 marisque

50 201 218 235 Omnibus
236 201 423 234 exhaustos
435 203 510 245 jam
528 199 672 242 casibus,
691 200 846 233 omnium
865 209 999 242 egenos,

50 247 152 290 Urbe,
170 247 280 290 domo,
299 247 406 280 socias
421 248 428 280 l
455 250 570 289 grates
588 246 779 290 persolvere
797 245 920 288 dignas
1101 245 1168 278 600

49 293 128 326 Non
146 293 218 337 opis
236 296 288 326 est
305 296 441 335 nostrae,
460 292 561 335 Dido,
578 303 641 325 nec
659 291 828 335 quidquid
846 290 975 334 ubique
992 293 1045 324 est

51 339 172 372 Gentis
188 338 383 381 Dardaniae,
400 349 568 381 magnmn
586 349 663 382 quae
681 348 798 381 sparsa
815 348 876 380 per
893 335 1018 370 orbem.

49 384 96 418 Di
113 384 187 428 tibi,
206 384 234 418 si
252 396 321 428 qua
337 384 411 428 pios
428 387 625 428 respectant
642 383 797 425 numina,
815 383 843 415 si
861 381 946 426 quid

50 430 206 474 Usquam
218 430 360 474 justitia
376 434 428 463 est
445 433 480 463 et
496 441 593 462 mens
610 428 674 462 sibi
692 429 827 462 conscia
843 428 939 470 recti,

50 475 199 509 Praemia
216 476 323 519 digna
340 476 463 508 ferant.
506 475 590 515 Quae
608 478 643 507 te
660 478 733 507 tam
751 475 833 507 laeta
850 473 1010 507 tulerunt

50 521 212 556 Saecula?
237 521 298 564 qui
315 521 407 554 tanti
424 520 530 554 talem
547 531 697 563 genuere
713 519 895 564 parentes?

51 567 94 600 In
111 568 202 600 freta
219 567 304 600 dum
320 566 419 599 fluvii
436 570 588 608 current,
606 566 690 598 dum
706 565 882 599 montibus
900 564 1034 599 umbrae

51 612 266 646 Lustrabunt
283 624 449 655 convexa,
466 612 565 656 polus
583 611 668 644 dum
685 611 797 645 sidera
813 615 932 655 pascet
949 622 955 644 τ

51 658 193 703 Semper
209 658 317 692 honos
335 669 528 701 nomenque
546 662 658 700 tuum,
676 657 866 700 laudesque
882 655 1085 698 manebunt,

53 705 138 746 Quae
154 716 209 738 me
227 715 375 748 cumque
391 707 517 738 vocant
535 704 668 736 terrae.”
717 704 774 738 Sic
790 704 895 747 fatus,
913 703 1065 737 amicum
1106 703 1172 735 610
1236 696 1237 699 ¹

53 751 186 784 Ilionea
203 750 293 794 petit
311 750 444 793 dextra,
462 749 618 793 laevaque
635 749 810 783 Serestum
826 762 833 790 ;

52 795 135 831 Post
152 796 246 839 alios,
263 796 458 839 fortemque
476 795 584 839 Gyan,
602 795 797 839 fortemque
815 794 1033 828 Cloanthum.

100 841 290 885 Obstupuit
307 842 418 885 primo
435 845 578 885 aspectu
595 840 738 874 Sidonia
755 841 854 882 Dido,

53 887 143 921 Casu
160 887 285 920 deinde
299 887 365 920 viri
382 891 480 920 tanto
495 899 503 927 3
529 890 564 919 et
582 886 629 919 sic
646 897 702 919 ore
719 886 837 919 locuta
854 889 926 919 est:

52 932 71 946 “
86 931 170 972 Quis
188 934 232 973 te,
250 935 333 965 nate
352 932 426 973 dea,
443 943 504 975 per
521 936 621 965 tanta
638 931 795 975 pericula
812 942 911 964 casus

54 974 282 1018 Insequitur?
308 985 384 1018 quae
403 975 454 1007 vis
472 974 680 1008 immanibus
698 975 854 1019 applicat
871 974 965 1008 oris?

55 1019 152 1053 Tune
169 1020 228 1053 ille
245 1020 382 1063 AEneas,
400 1032 503 1064 quem
522 1020 698 1054 Dardanio
715 1020 876 1054 Anchisae

52 1065 157 1099 Alma
175 1066 292 1099 Venus
310 1060 456 1110 Phrygii
472 1066 596 1110 genuit
613 1066 800 1100 Simoentis
817 1067 861 1100 ad
878 1065 1034 1101 undam?

54 1112 171 1155 Atque
188 1112 349 1155 equidem
367 1112 537 1145 Teucrum
555 1112 698 1145 memini
715 1111 844 1145 Sidona
862 1113 989 1156 venire,

54 1157 199 1190 Finibus
217 1158 403 1201 expulsum
420 1158 551 1201 patriis,
570 1169 659 1191 nova
676 1169 784 1201 regna
801 1162 979 1202 petentem
1107 1160 1174 1192 620

54 1203 196 1236 Auxilio
214 1203 290 1236 Beli
305 1215 311 1236 :
337 1203 474 1246 genitor
490 1207 567 1236 tum
584 1203 689 1236 Belus
707 1204 858 1247 opimam

54 1249 224 1284 Vastabat
243 1249 404 1293 Cyprum,
424 1253 458 1282 et
475 1249 585 1282 victor
602 1249 734 1282 ditione
751 1249 910 1283 tenebat:

54 1294 219 1338 Tempore
231 1296 307 1338 jam
324 1306 368 1327 ex
385 1295 445 1328 illo
463 1305 561 1328 casus
578 1295 664 1328 mihi
683 1295 842 1339 cognitus
860 1295 955 1329 urbis

54 1340 220 1384 Trojanae,
238 1352 432 1384 nomenque
449 1344 561 1384 tuum,
578 1351 745 1384 regesque
762 1341 908 1385 Pelasgi.

56 1386 136 1430 Ipse
152 1386 261 1419 hostis
278 1386 425 1419 Teucros
442 1387 571 1430 insigni
588 1386 692 1420 laude
708 1387 851 1430 ferebat,

54 1431 165 1476 Seque
183 1436 298 1465 ortum
314 1433 460 1476 antiqua
478 1432 688 1466 Teucrorum
704 1433 748 1466 ab
766 1433 873 1477 stirpe
890 1432 1036 1468 volebat.

55 1478 168 1519 Quare
186 1478 290 1521 agite,
308 1489 327 1511 o
344 1479 454 1521 tectis,
468 1479 625 1522 juvenes,
643 1479 817 1512 succedite
833 1479 967 1514 nostris.

54 1523 113 1556 Me
130 1534 267 1567 quoque
284 1535 346 1568 per
361 1524 489 1557 multos
507 1524 629 1557 similis
645 1524 787 1558 fortuna
803 1524 935 1558 labores

54 1568 80 1602 J
82 1573 236 1602 actatam
252 1569 318 1602 hac
335 1570 476 1603 demum
492 1570 604 1603 voluit
622 1570 806 1604 consistere
823 1574 925 1605 terra.

55 1614 133 1648 Non
151 1615 273 1658 ignara
289 1615 373 1649 mali
390 1616 523 1649 miseris
541 1627 738 1650 succurrere
756 1615 880 1650 disco.”
1108 1619 1174 1651 630

55 1659 111 1693 Sic
127 1665 296 1694 memorat
310 1673 317 1694 ε
343 1661 447 1694 simul
464 1661 600 1695 AEnean
617 1662 653 1694 in
671 1662 767 1706 regia
783 1662 882 1696 ducit

54 1705 161 1740 Tecta
173 1719 183 1748 3
209 1707 312 1740 simul
330 1707 451 1741 divum
468 1707 607 1752 templis
624 1707 749 1741 indicit
766 1708 938 1742 honorem.
