1320 1932
437 77 655 112 AENEIDOS
681 78 767 112 LIB.
793 77 853 112 XI.
1141 79 1206 110 331

96 144 270 189 Sanguine
284 157 293 186 3
318 149 400 178 sunt
417 145 486 178 illis
504 157 566 178 sua
582 145 715 187 funera,
733 155 863 188 parque
880 155 941 187 per
959 155 1075 177 omnes

96 190 294 235 Tempestas
308 203 317 232 ;
341 202 404 224 cur
420 191 594 223 indecores
611 191 649 223 in
665 190 785 222 limine
803 190 913 233 primo

94 235 307 270 Deficimusit
332 248 393 269 cur
409 240 490 269 ante
507 235 628 269 tubam
645 240 772 268 tremor
789 239 937 278 occupat
954 239 1050 267 artus
1067 234 1079 268 2

95 281 212 314 Multa
229 282 300 314 dies
318 282 474 325 variique
490 281 586 314 labor
603 280 781 314 mutabilis
800 280 865 313 aevi

95 326 231 360 Retulit
247 327 284 359 in
300 327 424 360 melius
439 339 447 367 ;
471 327 599 360 multos
616 327 752 359 alterna
767 326 920 358 revisens

93 371 194 406 Lusit
211 376 246 405 et
262 373 300 405 in
317 372 424 405 solido
440 383 559 405 rursus
575 372 717 405 fortuna
734 371 871 404 locavit.

93 417 172 450 Non
189 417 255 451 erit
272 417 404 450 auxilio
421 417 519 450 nobis
535 417 672 450 AEtolus
690 421 724 450 et
742 417 827 460 Arpi
842 427 849 449 τ

92 462 141 496 At
158 463 338 506 Messapus
354 463 430 505 erit,
447 463 602 507 felixque
619 462 832 504 Tolumnius,
850 465 885 495 et
903 472 987 505 quos

92 507 157 541 Tot
174 508 294 552 populi
309 508 431 542 misere
449 508 553 541 duces
568 521 576 549 ;
601 519 664 541 nec
681 508 782 541 tarda
799 511 962 550 sequetur
1139 507 1209 539 430

92 553 210 586 Gloria
226 554 375 587 delectos
392 554 492 587 Latio
509 558 544 587 et
562 553 792 587 Laurentibus
809 552 911 596 agris,

93 598 158 631 Est
175 603 210 632 et
228 599 430 632 Volscorum
448 599 586 642 egregia
603 599 646 632 de
663 603 767 642 gente
786 597 941 640 Camilla,

91 643 227 687 Agmen
243 655 349 687 agens
366 645 525 688 equitum
542 648 577 677 et
593 644 753 677 florentes
771 655 836 676 aere
854 647 1020 676 catervas.

92 689 191 730 Quod
208 690 237 722 si
253 701 308 722 me
325 689 436 722 solum
453 690 576 723 Teucri
593 690 630 722 in
647 689 838 722 certamina
854 692 1010 732 poscunt,

91 735 202 778 quue
218 735 342 778 placet,
360 739 568 778 tantumque
585 735 682 768 bonis
700 733 940 767 eommum‘bus
959 733 1054 766 obsto
1069 745 1078 773 3

90 779 169 813 Non
185 781 270 813 adeo
287 780 349 813 has
366 791 469 813 exosa
484 791 608 813 manus
626 780 771 813 victoria
786 779 890 822 fugit,

91 825 139 858 Ut
156 830 256 858 tanta
273 825 464 868 quidquam
481 837 542 869 pro
560 836 619 869 spe
636 829 772 858 tentare
788 835 952 857 recusem.

91 870 151 903 Ibo
168 871 292 903 animis
310 876 429 903 contra
443 882 449 904 :
475 871 530 903 vel
547 882 714 914 magnum
730 874 870 914 praestet
884 868 1067 911 Achillem,

89 915 264 960 Factaque
282 916 432 949 Vulcani
447 916 608 949 manibus
626 916 724 960 paria
740 916 865 948 induat
881 925 978 947 arma

89 961 154 994 Ille
170 962 261 995 licet.
303 961 407 994 Vobis
424 962 576 994 animam
593 961 684 994 hanc
702 972 882 1004 soceroque
900 960 1024 993 Latino
1136 960 1206 992 440

89 1006 227 1039 Turnus
244 1018 316 1049 ego,
335 1007 431 1039 haud
448 1007 513 1039 ulli
530 1012 688 1040 veterum
704 1007 835 1040 virtute
852 1005 1033 1048 secundus,

91 1052 229 1085 Devovi.
271 1052 390 1085 Solum
406 1052 534 1085 AEneas
552 1057 652 1086 vocat
667 1064 673 1086 :
699 1056 743 1094 et,
761 1056 869 1093 vocet,
887 1062 953 1084 oro.

87 1098 121 1130 N
123 1109 161 1130 ec
178 1097 331 1130 Drances
348 1098 474 1141 potius,
492 1098 562 1131 sive
580 1102 631 1130 est
648 1098 722 1130 haec
738 1098 790 1130 ira
807 1097 957 1138 deorum,

88 1142 203 1175 Morte
218 1143 295 1176 luat
309 1155 318 1183 ;
343 1143 413 1176 sive
431 1147 482 1176 est
499 1144 610 1176 virtus
627 1147 662 1176 et
679 1143 797 1186 gloria,
815 1142 945 1175 tollat?

135 1188 193 1220 Illi
210 1188 284 1221 haee
301 1187 393 1221 inter
410 1199 445 1221 se
462 1188 575 1221 dubiis
593 1189 634 1221 de
651 1189 752 1221 rebus
770 1187 921 1231 agebant

89 1233 268 1266 Certantes
282 1245 289 1267 :
315 1237 428 1266 castra
444 1233 570 1266 AEneas
587 1234 765 1277 aciemque
781 1232 952 1266 movebat.

88 1278 122 1311 N
126 1279 249 1311 uncius
266 1279 402 1322 ingenti
419 1290 479 1322 per
495 1279 591 1322 regia
607 1283 702 1312 tecta
719 1278 877 1312 tumultu

87 1324 177 1357 Ecce
193 1324 276 1366 ruit,
293 1325 498 1368 magnisque
515 1324 635 1357 urbem
652 1324 838 1357 terroribus
855 1323 999 1366 implet:

89 1369 283 1402 Instructos
300 1370 374 1402 acie
392 1369 551 1402 Tiberino
568 1381 589 1402 a
605 1369 749 1402 flumine
766 1370 912 1402 Teucros

89 1414 374 1458 Tyrrhenamque
390 1426 534 1447 manum
551 1415 634 1447 totis
652 1415 855 1449 descendere
873 1413 1013 1457 campis.
1138 1413 1207 1446 450

87 1460 275 1504 Extemplo
293 1460 426 1493 turbati
442 1461 560 1503 animi,
578 1471 810 1504 concussaque
827 1459 926 1502 vulgi

88 1505 244 1548 Pectora,
262 1509 298 1538 et
315 1510 456 1539 arrectae
474 1505 623 1539 stimulis
640 1506 735 1539 haud
751 1504 913 1538 mollibus
930 1504 1000 1537 irae.

87 1551 195 1584 Arma
210 1562 319 1584 manu
335 1551 463 1595 trepidi
481 1555 628 1595 poscunt
642 1564 651 1592 ;
675 1551 793 1584 fremit
810 1562 906 1584 arma
918 1551 1087 1594 juventus
1103 1561 1111 1588 ;

86 1596 191 1629 Flent
206 1597 320 1629 maesti
336 1604 563 1640 mussantque
580 1601 706 1641 patres.
748 1597 817 1629 Hic
833 1596 989 1639 undique
1006 1594 1137 1628 clamor

87 1641 254 1674 Dissensu
270 1642 366 1675 vario
383 1653 530 1685 magnus
548 1654 582 1675 se
600 1642 693 1675 tollit
710 1642 748 1674 in
765 1652 867 1675 auras
882 1652 889 1674 :

87 1686 194 1720 Haud
212 1698 307 1720 secus
325 1692 429 1730 atque
446 1688 518 1721 alto
535 1688 572 1720 in
589 1687 667 1721 luco
684 1699 793 1731 quum
809 1687 899 1719 forte
916 1689 1064 1719 catervae

87 1731 276 1766 Consedere
292 1733 421 1776 avium,
439 1733 614 1777 piscosove
631 1744 733 1766 amne
751 1733 898 1765 Padusae
