1320 1932
382 95 604 130 AENEIDOS
631 96 718 130 LIB.
744 97 826 131 XII.
1095 101 1163 133 353

44 162 126 196 Pars
143 162 276 206 gladios
293 163 473 207 stringunt
490 163 660 206 manibus,
679 176 758 208 pars
776 165 905 198 missile
924 165 1056 198 ferrum

42 209 250 252 Corripiunt,
268 209 418 252 caecique
434 214 553 243 ruunt.
604 210 696 250 Quos
713 211 855 254 agmina
872 215 994 244 contra

44 254 258 287 Procurrunt
276 255 512 288 Laurentum:
537 255 619 288 hinc
637 255 735 288 densi
751 268 870 289 rursus
888 257 1064 290 inundant
1095 259 1163 291 280

45 300 150 333 Troes
166 300 394 344 Agyllinique
412 306 447 334 et
463 301 566 344 pictis
585 301 732 334 Arcades
750 303 864 335 armis.

41 345 98 379 Sic
115 357 231 379 omnes
247 358 344 379 amor
359 358 450 379 unus
468 346 572 379 habet
590 347 772 380 decernere
789 348 888 382 ferro.

42 391 225 436 Diripuere
242 403 318 425 aras
334 405 342 432 3
368 392 395 425 it
412 397 485 425 toto
503 392 644 425 turbida
661 393 746 426 coelo
1138 395 1164 417 Β

42 436 239 481 Tempestas
256 438 414 480 telorum7
432 449 472 471 ac
489 438 619 471 ferreus
636 438 770 481 ingruit
788 439 897 472 imber
912 453 920 480 ;

43 483 268 527 Craterasque
285 484 446 527 focosque
462 484 590 517 ferunt.
639 484 747 527 Fugit
764 485 837 529 ipse
854 486 1001 519 Latinus

45 528 202 562 Pulsatos
218 529 368 562 referens
386 529 514 563 infecto
531 530 658 563 foedere
676 530 781 564 divos.

44 573 226 608 Infrenant
242 575 302 608 alii
320 586 450 617 currus,
468 580 531 608 aut
549 587 690 619 corpora
709 576 803 609 saltu

42 619 242 664 Subjiciunt
259 621 296 653 in
314 632 427 665 equos,
445 626 480 654 et
498 621 625 654 strictis
643 621 781 654 ensibus
799 622 936 657 adsunt.

43 665 222 710 Messapus
239 678 365 710 regem,
383 667 541 711 regisque
559 667 696 710 insigne
712 674 901 711 gerentem,

43 710 261 755 Tyrrhenum
280 712 455 754 Aulestem
473 712 596 746 avidus
614 713 824 746 confundere
841 714 964 757 foedus,
1094 717 1161 748 290

43 757 194 790 Adverso
211 762 380 801 proterret
397 769 484 801 equo
498 771 505 792 :
530 758 603 791 ruit
619 758 678 792 ille
695 759 866 802 recedens,

41 802 88 836 Et
103 803 206 836 miser
223 804 388 847 oppositis
405 815 426 836 a
443 808 538 847 tergo
555 804 745 838 involvitus
763 805 830 838 aris

43 848 85 881 In
102 848 208 892 ca'put
226 849 331 892 inque
348 849 516 882 humeros.
566 849 614 882 At
630 850 785 883 fervidus
802 851 944 884 advolat
962 851 1062 885 hasta

42 893 231 938 Messapus,
249 895 386 938 teloque
403 899 559 928 orantem
576 895 689 928 multa
707 895 833 929 trabali

41 939 197 984 Desuper
213 939 306 973 altus
323 952 410 984 equo
427 941 580 983 graviter
597 941 688 983 ferit,
707 946 813 985 atque
830 942 880 976 ita
897 943 993 976 fatur
1007 955 1013 976 :

42 985 118 1019 Hoc
134 985 239 1019 habet
253 999 261 1026 ;
286 985 361 1019 haec
377 986 498 1019 melior
514 987 650 1030 magnis
714 991 750 1020 ta
768 987 911 1021 victima
929 989 1026 1022 divis.

42 1031 258 1064 Concurrunt
276 1031 369 1071 Itali,
388 1032 606 1076 spoliantque
623 1043 662 1065 ca
724 1033 774 1066 tia
790 1034 952 1068 membra.

42 1075 172 1110 Obvius
189 1077 389 1110 ambustum
407 1083 533 1111 torrem
551 1078 736 1121 Corynaeus
753 1078 797 1112 ab
813 1091 874 1113 ara

41 1122 199 1166 Corripit,
216 1127 252 1156 et
268 1123 422 1156 venienti
440 1123 554 1156 Ebuso
571 1124 779 1168 plagamque
795 1125 922 1159 ferenti

41 1167 198 1212 Occupat
214 1180 250 1201 os
266 1168 415 1202 flammis
429 1181 435 1201 :
462 1169 521 1202 olli
538 1169 660 1212 ingens
676 1169 782 1203 barba
799 1171 939 1213 reluxit,
1091 1174 1158 1205 300

41 1213 74 1246 N
75 1214 274 1258 idoremque
291 1214 452 1248 ambusta
468 1215 565 1248 dedit
579 1227 585 1248 :
611 1226 713 1258 super
730 1216 803 1259 ipse
820 1221 957 1250 secutus

42 1258 222 1292 Caesariem
239 1260 327 1293 laeva
344 1260 478 1293 turbati
495 1260 637 1304 corripit
654 1261 770 1299 hostis,

42 1304 279 1349 Impressoque
295 1317 388 1349 genu
406 1306 521 1339 nitens
539 1310 638 1339 terrae
656 1307 811 1350 applicat
827 1306 944 1350 ipsum
958 1318 966 1346 ;

41 1349 97 1383 Sic
113 1351 226 1394 rigido
243 1351 336 1384 latus
353 1363 432 1384 ense
450 1351 540 1384 ferit.
589 1351 785 1385 Podalirius
803 1352 924 1386 Alsum

42 1395 228 1440 Pastorem,
245 1397 424 1441 primaque
442 1397 515 1430 acie
532 1409 593 1441 per
610 1397 680 1430 tela
695 1403 866 1441 ruentem!

41 1441 132 1475 Ense
148 1454 294 1486 sequens
312 1443 405 1476 nudo
424 1443 686 1487 superimminet
701 1455 707 1476 ι
733 1443 792 1477 ille
810 1444 920 1477 securi

42 1487 186 1520 Adversi
202 1488 352 1521 frontem
369 1489 519 1521 mediam
536 1494 760 1532 mentumque
778 1489 922 1523 reducta

41 1532 189 1577 Disficit,
207 1538 242 1566 et
259 1545 375 1577 sparso
392 1534 463 1567 late
479 1534 572 1578 rigat
588 1546 684 1567 arma
700 1546 830 1569 cruore.

42 1578 111 1611 Olli
128 1579 215 1612 dura
233 1580 328 1623 quies
346 1580 461 1613 oculos
479 1586 513 1613 et
531 1581 660 1612 ferreus
678 1585 779 1623 urget

41 1622 187 1657 Somnus
203 1637 210 1664 ;
235 1625 271 1657 in
290 1630 454 1658 aeternam
472 1625 686 1659 clauduntur
703 1625 836 1659 lumina
853 1630 998 1661 noctem.
1088 1629 1157 1662 310

87 1670 134 1703 At
151 1671 230 1714 pius
248 1671 373 1704 AEneas
391 1671 550 1704 dextram
569 1671 733 1704 tendebat
751 1672 917 1705 inermem

42 1715 182 1749 Nudato
199 1717 322 1759 capite,
341 1722 445 1760 atque
464 1728 541 1750 suos
559 1717 706 1750 clamore
723 1717 889 1751 vocabat:

43 1761 61 1776 “
75 1759 153 1798 Quo
170 1759 270 1793 ruitis
286 1760 298 1793 ’ἒ
323 1771 443 1804 quaeve
461 1762 526 1794 ista
540 1773 660 1805 repens
679 1764 846 1798 discordia
865 1766 975 1809 surgit
991 1765 1002 1799 l

565 1818 587 1840 A
605 1819 625 1841 a
