1345 1927
159 79 226 112 378
457 77 495 111 P.
521 77 726 111 VIRGILII
752 77 965 111 MARONIS

160 144 283 178 Pastor
299 144 373 188 agit
390 155 497 186 curas,
516 149 551 178 et
567 145 652 177 dum
668 156 737 178 non
754 150 828 178 arte
845 156 970 178 canora

161 190 347 233 Compacta
364 189 503 222 solitum
519 190 719 224 modulatur
735 191 905 223 arundine
923 201 1060 223 carmen
1076 203 1084 223 :

161 235 287 268 Tendit
304 235 481 269 inevectus
497 236 609 268 radios
628 236 836 280 Hyperionis
853 235 962 276 ardor,

162 280 361 324 Lucidaque
378 281 519 314 aetherio
536 282 635 325 ponit
652 281 851 314 discrimina
867 281 1007 323 mundo,

163 326 239 367 Qua
251 326 339 370 jacit
357 325 530 360 Oceanum
548 327 704 359 flammas
721 327 757 359 in
775 332 964 369 utrumque
980 336 1129 370 rapaces.

208 371 254 405 Et
266 373 341 415 jam
358 372 584 415 compellente
601 384 698 415 vagae
716 377 850 416 pastore
868 371 1008 415 capellae

163 417 240 450 Ima
256 418 466 450 susurrantis
482 417 649 460 repebant
665 418 709 450 ad
727 417 817 450 vada
833 417 994 460 lymphae,

164 463 248 503 Quae
266 462 384 495 subter
400 463 546 495 viridem
563 463 760 496 residebant
777 463 902 495 caerula
918 473 1086 495 muscum.

165 509 189 542 J
190 520 247 541 am
263 508 393 541 medias
411 519 552 551 operum
569 514 684 551 partes
701 512 840 541 evectus
857 512 931 540 erat
948 508 1007 549 sol,

165 554 281 595 Quum
299 553 420 586 densas
438 558 554 596 pastor
570 554 718 597 pecudes
736 553 905 596 cogebat
896 564 934 586 111
949 552 1099 596 umbras,

165 599 212 632 Et
229 599 349 643 procul
367 599 504 642 aspexit
521 598 598 632 luco
615 599 763 631 residere
780 599 916 640 virenti,

165 644 267 678 Delia
283 644 373 687 diva,
391 649 469 677 tuo:
496 655 563 688 quo
581 644 755 687 quondam
772 644 865 677 victa
881 644 996 677 furore

167 690 273 723 Venit
289 689 490 733 Nyctelium
506 690 644 733 fugiens
662 690 821 723 Cadmeis
841 690 960 732 Agave

167 735 334 768 Infandas
352 735 516 768 scelerata
532 747 656 768 manus
673 747 691 768 e
708 735 800 768 caede
818 739 962 768 cruenta
976 747 983 768 :

169 781 252 821 Quae
269 780 393 824 gelidis
407 780 575 814 bacchata
587 781 683 824 jugis
699 781 872 824 requievit
889 781 925 813 in
942 784 1053 814 antro.

169 826 343 859 Posterius
360 837 497 870 poenam
514 827 589 859 nati
607 838 641 859 se
657 832 767 859 morte
784 827 949 859 futuram.

170 872 238 904 Hic
255 872 361 904 etiam
378 872 481 904 viridi
498 871 657 904 ludentes
674 871 785 905 Panes
802 872 839 904 in
855 871 962 904 herba

170 917 216 950 Et
233 917 348 960 Satyri
365 917 587 960 Dryadesque
605 917 723 950 choros
741 928 839 960 egere
856 917 981 960 puellae

170 962 348 996 Naiadum
365 968 466 996 coetu.
514 962 665 995 Tantum
682 974 751 995 non
769 962 926 1006 Orpheus
945 961 1102 995 Hebrum

172 1008 375 1041 Restantem
391 1008 506 1041 tenuit
522 1008 606 1052 ripis
623 1008 794 1051 silvasque
811 1007 975 1050 canendo,

174 1054 353 1094 Quantum
370 1058 415 1095 te,
433 1053 560 1095 Peneu,
577 1058 806 1086 remorantem
823 1053 882 1086 dia
898 1053 1031 1096 chorea,

173 1099 289 1132 Multa
306 1099 370 1131 tibi
386 1098 466 1132 laeto
483 1099 670 1132 fundentes
686 1099 815 1142 gaudia
831 1098 943 1141 vultu,

175 1145 256 1188 Ipsa
272 1144 339 1177 loci
355 1148 484 1177 natura
500 1144 641 1177 domum
657 1148 839 1177 resonante
856 1154 993 1177 susurro

176 1190 280 1231 Queis
297 1189 412 1232 dabat,
431 1194 467 1223 et
483 1189 578 1223 dulci
594 1190 701 1222 fessas
717 1189 894 1223 refovebat
910 1189 947 1222 in
964 1188 1098 1222 umbra.

175 1236 265 1269 Nam
282 1235 434 1279 primum
451 1246 559 1279 prona
576 1235 763 1278 surgebant
779 1235 869 1268 valle
886 1238 1045 1279 patentes

177 1282 294 1315 Aereae
311 1280 484 1324 platanus,
501 1281 593 1314 inter
609 1292 694 1324 quas
710 1281 817 1324 impia
834 1280 930 1320 lotos,

178 1327 300 1370 Impia,
318 1337 394 1370 quae
413 1326 518 1359 socios
537 1326 651 1359 Ithaci
667 1326 841 1359 maerentis
858 1325 984 1369 abegit,

178 1373 328 1416 Hospita
344 1372 427 1404 dum
443 1372 552 1405 nimia
568 1372 684 1405 tenuit
700 1371 883 1404 dulcedine
900 1375 1028 1414 captos.

178 1419 234 1457 At,
253 1417 378 1461 quibus
395 1417 525 1460 insigni
542 1428 644 1450 curru
661 1419 833 1460 projectus
850 1427 1017 1460 equorum

178 1464 369 1496 Ambustus
387 1462 570 1496 Phaethon
587 1462 687 1496 luctu
703 1466 901 1495 mutaverat
917 1466 1024 1504 artus,

180 1509 343 1542 Heliades
360 1509 488 1541 teneris
505 1508 673 1552 amplexae
690 1508 832 1541 brachia
848 1507 982 1540 truncis

180 1555 335 1589 Candida
351 1553 547 1586 fundebant
564 1554 669 1587 tentis
686 1553 860 1587 velamina
875 1553 991 1586 ramis.

180 1601 364 1641 Posterius,
382 1600 437 1632 cui
454 1599 679 1642 Demophoon
696 1603 825 1632 aeterna
840 1598 983 1641 reliquit

181 1646 366 1679 Perfidiam
382 1645 598 1678 lamentandi
614 1645 716 1687 mala,
734 1644 865 1688 perfida
880 1643 1012 1676 multis.

181 1692 293 1732 Quam
311 1690 569 1724 comitabantur
585 1690 709 1723 fatalia
726 1690 880 1722 carmina
897 1699 1053 1732 quercus,

182 1738 334 1778 Quercus
351 1741 433 1770 ante
451 1736 552 1779 datae,
570 1735 699 1770 Cereris
716 1746 821 1782 quam
838 1735 979 1777 semina,
996 1733 1078 1767 vitae
1094 1744 1105 1774 ;

1209 237 1271 267 100

1216 688 1281 720 110
1326 719 1327 733 ¹

1223 1143 1290 1175 120
1325 1172 1327 1182 ,

1227 1596 1294 1629 130
