1320 1932
431 102 649 136 AENEIDOS
674 102 759 136 LIB.
786 103 846 137 IX
1128 105 1194 137 285

82 165 284 210 Opportuna
300 166 396 207 Ioco,
389 179 396 186 ·
421 166 563 200 summis
580 177 684 210 quam
701 166 830 200 viribus
848 178 964 200 omnes

80 211 291 256 Expugnare
309 212 400 254 Itali,
419 223 621 255 summaque
638 216 790 245 evertere
807 224 912 264 opum
928 213 964 246 vi

81 257 285 290 Certabant:
313 257 415 291 Troes
433 261 551 291 contla
568 258 751 291 defendere
768 258 871 301 saxis,

80 302 213 346 Perque
230 314 330 336 cavas
348 304 444 336 densi
460 302 530 336 tela
546 298 744 346 intorquere
759 303 938 337 fenestras.

80 348 244 392 Princeps
261 348 439 382 ardentem
457 349 604 391 conjecit
620 348 783 393 lampada
800 349 946 391 Turnus,

79 393 125 426 Et
140 393 316 427 flammam
333 394 445 427 affixit
460 395 587 427 lateii·
579 420 587 435 ‚
613 406 689 438 quae
705 394 857 438 plurima
872 375 976 428 ven'to

80 439 253 483 Corripuit
269 439 415 482 tabulas,
433 444 468 473 et
484 439 638 483 postibus
656 440 756 473 haesit
772 439 892 473 adesis.

78 484 222 518 Turbati
238 485 411 529 trepidare
428 485 532 528 intus,
550 486 745 529 frustraque
761 485 933 519 malorum

79 530 176 564 Velle
191 531 322 574 fugam.
370 531 464 564 Dum
482 543 517 564 se
533 531 737 574 glomerant,
753 535 913 575 retroque
929 530 1087 564 residunt

79 576 120 609 In
137 580 271 620 partem
289 587 366 620 quae
383 581 478 621 peste
496 581 598 619 caret,
616 581 694 610 tum
709 577 860 621 pondere
877 577 983 610 turris
1124 579 1191 610 540

79 621 268 655 Procubuit
287 622 410 666 subito,
428 626 463 656 et
480 623 606 655 coelum
623 626 722 655 tonat
740 633 839 655 omne
857 623 1001 666 fragore.

78 667 269 701 Semineces
286 668 330 700 ad
347 672 483 711 terram,
501 668 644 701 immani
661 668 750 701 mole
767 672 894 711 secuta,

79 713 279 746 confixique
297 714 365 746 suis
382 714 460 746 telis
477 718 512 747 et
529 718 668 757 pectora
685 714 770 747 duro

78 758 267 792 Transfossi
283 759 379 802 ligno
396 760 551 792 veniunt.
600 759 671 792 Vix
687 770 778 792 unus
796 759 957 801 Helenor,

76 804 122 837 Et
140 804 252 848 Lycus
270 804 399 847 elapsi3
425 816 570 848 quorum
587 805 773 848 primaevus
791 805 952 847 Helenor,

75 849 223 882 Maeonio
239 849 313 893 regi
331 854 433 902 quem
450 861 547 883 serva
564 850 745 893 Licymnia
760 850 884 883 furtim

76 894 280 938 Sustulerat⁷
297 895 483 938 vetitisque
500 895 544 928 ad
562 895 697 940 Trojam
713 895 778 929 mis
765 899 854 929 serat
871 895 985 939 armis,

75 940 166 974 Ense
182 941 267 974 levis
283 941 388 983 nudo,
404 952 593 993 parmaque
609 941 777 985 inglorius
795 940 881 975 alba.

76 985 178 1030 Isque
194 986 254 1019 ubi
272 997 306 1019 se
324 968 431 1019 Turni
448 986 563 1020 media
578 987 671 1020 inter
686 987 798 1020 millia
814 987 913 1029 vidit,

75 1031 169 1065 Hinc
186 1032 285 1075 acies,
303 1036 408 1076 atque
425 1032 507 1065 hinc
524 1032 613 1066 acies
630 1033 767 1066 adstare
784 1033 949 1066 Latinas·
940 1059 950 1074 ,
967 1034 972 1042 “
1122 1036 1189 1067 550

75 1077 124 1111 Ut
139 1078 221 1120 fera,
240 1088 315 1121 quae
334 1078 440 1111 densa
456 1082 647 1111 venantum
665 1082 762 1122 septa
779 1089 903 1111 corona

75 1123 202 1157 Contra
217 1123 289 1156 tela
304 1124 401 1165 furit,
419 1134 558 1167 seseque
575 1123 670 1157 haud
686 1124 802 1157 nescia
817 1124 922 1158 morti

75 1168 206 1212 Injicit,
224 1172 258 1202 et
276 1169 368 1205 saltu
386 1180 489 1212 supra
505 1169 678 1202 venabula
695 1169 806 1202 fertur
822 1181 828 1202 :

75 1214 181 1248 Haud
198 1215 300 1248 aliter
312 1215 452 1258 juvenis
468 1215 598 1248 medios
613 1215 802 1248 moriturus
819 1215 856 1247 in
873 1215 987 1248 hostes

75 1260 186 1294 Irrujt
203 1273 210 1300 3
236 1264 280 1303 et,
298 1272 366 1304 qua
382 1260 453 1294 tela
469 1260 566 1293 videt
582 1260 793 1302 densissima,
810 1260 934 1294 tendit.

74 1306 122 1339 At
137 1306 283 1350 pedibus
299 1306 401 1349 longe
417 1306 538 1338 melior
554 1305 666 1350 Lycus
683 1305 774 1338 inter
791 1309 826 1338 et
842 1305 967 1348 hostes,

15 1364 17 1366 ·
75 1351 172 1385 Inter
187 1355 223 1385 et
239 1363 344 1394 arma,
362 1352 447 1395 fuga
462 1362 578 1384 muros
595 1355 701 1393 tenet,
719 1351 859 1394 altaque
877 1354 987 1384 certat

74 1396 245 1431 Prendere
261 1401 355 1430 tecta
371 1408 489 1439 manu,
507 1396 706 1440 sociumque
723 1397 895 1440 attingere
912 1397 1060 1430 dextras.

16 1447 18 1450 ’
75 1443 185 1484 Quem
202 1443 348 1482 Turnus
365 1424 495 1486 paritei·
512 1454 614 1475 cursu
631 1442 770 1485 teloque
787 1445 935 1484 secutus,

74 1488 236 1532 Increpat
252 1487 306 1520 his
322 1487 455 1519 victor:
482 1485 547 1518 N
548 1489 703 1518 ostrasne
721 1486 875 1526 evadere,
894 1485 1044 1527 demens,
1125 1488 1195 1520 560

5 1539 26 1571 „⁵
74 1533 225 1577 Sperasti
242 1536 276 1565 te
292 1543 389 1575 posse
405 1542 529 1564 manus
544 1530 579 1564 2³⁹
605 1529 708 1563 simul
725 1530 847 1574 arripit
864 1531 980 1574 ipsum

8 1595 10 1614 ε
73 1577 296 1620 Pendentem,
314 1581 349 1610 et
365 1588 493 1620 magna
509 1576 600 1609 muri
617 1587 697 1610 cum
713 1580 812 1621 parte
828 1575 985 1611 revellit:

8 1624 30 1671 ξς
74 1624 193 1664 Qualis
209 1623 271 1656 ubi
287 1626 350 1656 aut
365 1623 526 1667 leporem,
544 1625 606 1655 aut
623 1622 786 1674 candenti
803 1633 941 1675 corpore
958 1633 1116 1666 cycnum,

73 1669 224 1703 Sustulit
241 1669 313 1702 alta
329 1672 451 1713 petens
467 1667 612 1712 pedibus
629 1668 655 1701 J
656 1679 728 1701 oms
746 1668 894 1711 armiger
910 1668 1034 1709 uncis3

10 1716 16 1735 *¹
75 1715 266 1756 Quaesitum
283 1719 346 1748 aut
361 1714 466 1747 matri
481 1713 602 1747 multis
618 1712 791 1747 balatibus
809 1725 939 1756 agnum

74 1759 222 1794 Martius
240 1772 260 1794 a
277 1760 422 1795 stabulis
439 1760 555 1805 rapuit
572 1759 685 1804 lupus.
733 1759 895 1803 Undique
913 1759 1040 1793 cla-mor
