1345 1927
411 67 628 101 AENEIDOS
653 68 740 102 LIB.
766 69 794 102 I.
1093 72 1158 104 103

48 135 91 170 Se
107 146 243 180 quoque
259 135 473 180 principibus
489 135 703 179 permixtum
719 135 863 178 agnovit
879 134 1032 179 Achivis,

47 181 204 225 ansque
221 182 309 214 acies
327 186 362 214 et
378 181 470 224 nigri
485 181 681 214 Memnonis
697 192 802 214 arma.

47 227 154 260 Ducit
169 227 422 260 Amazonidum
439 227 570 259 lunatis
586 227 726 269 agmina
742 226 846 270 peltis
1091 228 1160 260 490

46 271 266 305 Penthesilea
281 272 409 315 furens,
425 272 617 315 mediisque
633 272 671 304 in
687 272 842 305 millibus
859 272 966 316 ardet,

45 317 162 351 Aurea
178 317 384 351 subnectens
401 322 546 351 exsertae
563 317 705 361 cingula
722 329 882 351 mammae

46 363 226 405 Bellatrix,
243 363 418 407 audetque
434 363 517 396 viris
535 374 734 396 concurrere
751 363 856 406 virgo.

93 408 179 441 Haec
195 409 278 441 dum
294 409 469 442 Dardanio
486 408 604 442 AEneae
620 409 780 442 miranda
796 409 970 452 videntur,

45 453 140 487 Dum
157 458 283 498 stupet,
300 454 494 498 obtutuque
511 454 619 487 haeret
636 454 771 487 defixus
788 455 825 487 in
841 466 931 496 uno;

46 499 181 543 Regina
197 499 241 533 ad
258 500 436 544 templum,
453 500 563 533 forma
579 500 813 552 pulcherrima
830 500 931 542 Dido,

46 544 202 588 Incessit,
217 556 345 589 magna
356 547 527 598 juvenum
545 546 696 598 stipante
714 550 861 579 caterva.

47 590 192 631 Qualis'
182 602 220 624 in
237 591 376 624 Eurotae
392 591 486 635 ripis,
504 595 566 624 aut
583 602 644 635 per
655 592 743 634 juga
761 591 890 634 Cynthi

46 636 195 669 Exercet
212 636 326 670 Diana
343 637 471 680 choros,
490 648 594 680 quam
610 637 706 669 mille
724 641 850 670 secutae

47 681 142 715 Hinc
155 686 260 726 atque
272 682 354 715 hinc
368 682 604 725 glomerantur
616 682 784 715 Oreades:
803 682 864 715 illa
876 682 1076 726 pharetram
1094 684 1160 715 500

47 726 129 760 Fert
145 727 298 770 humero,
315 728 544 771 gradiensque
561 728 642 760 deas
659 728 891 771 supereminet
908 739 1024 761 omnes
1038 740 1048 769 ;

46 772 187 806 Latonae
205 773 352 806 tacitum
369 776 571 816 pertentant
587 773 716 816 gaudia
732 778 875 816 pectus:

47 818 140 851 Talis
157 822 231 851 erat
248 818 347 861 Dido,
365 818 471 851 talem
489 830 524 851 se
540 818 623 851 laeta
638 817 771 851 ferebat

47 863 114 897 Per
129 864 268 907 medios,
285 864 419 897 instans
435 864 529 908 operi
545 863 729 906 regnisque
745 863 884 897 futuris.

47 909 136 942 Tum
152 909 284 942 foribus
301 909 400 952 divae,
416 909 531 942 media
547 909 724 942 testudine
741 909 873 953 templi,

48 954 153 998 Septa
169 955 272 987 armis
290 955 440 999 solioque
457 955 527 988 alte
547 954 696 987 subnixa
711 955 847 988 resedit.

48 1000 74 1033 J
77 1012 138 1034 ura
154 1000 259 1034 dabat
275 1000 433 1044 legesque
450 1001 542 1042 viris,
560 1011 770 1044 operumque
786 1000 938 1034 laborem

49 1045 210 1079 Partibus
228 1046 389 1090 aequabat
401 1046 515 1090 justis,
533 1050 596 1079 aut
614 1050 703 1079 sorte
719 1046 881 1079 trahebat
895 1058 904 1087 ;

51 1091 166 1132 Quum
183 1091 295 1125 subito
312 1092 438 1125 AEneas
456 1103 624 1125 concursu
640 1092 800 1124 accedere
816 1103 943 1135 magno

49 1137 189 1170 Anthea
205 1136 472 1181 Sergestumque
488 1137 585 1170 videt
600 1137 794 1181 fortemque
811 1137 1030 1171 Cloanthum.
1095 1139 1162 1169 510

49 1182 326 1226 Teucrorumque
342 1183 436 1225 alios,
453 1187 528 1216 ater
545 1194 629 1226 quos
647 1194 781 1226 aequore
798 1183 900 1216 turbo

49 1228 260 1271 Dispulerat,
278 1228 486 1272 penitusque
502 1228 588 1261 alias
605 1232 769 1262 avexerat
786 1240 870 1262 oras.

50 1273 242 1317 Obstupuit
258 1273 360 1306 simul
378 1274 460 1317 ipse,
479 1273 582 1306 simul
599 1285 779 1317 percussus
797 1273 949 1307 Achates

49 1318 256 1362 Laetitiaque
271 1323 458 1362 metuque:
484 1319 577 1352 avidi
594 1320 801 1362 conjungere
818 1319 958 1352 dextras

48 1364 228 1397 Ardebant
242 1376 250 1405 3
276 1365 334 1397 sed
350 1376 403 1398 rcs
420 1365 552 1398 animos
569 1365 748 1408 incognita
764 1364 893 1398 turbat.

48 1409 281 1443 Dissimulant
295 1423 303 1451 ;
328 1414 363 1443 et
380 1410 470 1444 nube
487 1421 572 1444 cava
589 1410 814 1454 speculantur
830 1410 959 1452 amicti,

51 1455 135 1496 Quae
151 1455 294 1488 fortuna
309 1456 392 1489 viris
408 1468 416 1496 ;
441 1456 584 1489 classem
602 1467 668 1499 quo
685 1455 786 1489 litore
802 1456 965 1499 linquant
980 1467 988 1496 ;

51 1501 144 1542 Quid
160 1502 303 1534 veniant
318 1513 324 1534 z
350 1501 484 1534 cunctis
500 1513 583 1534 nam
599 1501 682 1534 lecti
697 1500 845 1535 navibus
861 1501 970 1544 ibant,

53 1546 198 1580 Orantes
215 1547 361 1590 veniam,
379 1551 415 1580 et
432 1547 600 1591 templum
620 1547 768 1580 clamore
784 1546 959 1590 petebant.

98 1592 287 1636 Postquam
303 1593 512 1636 introgressi,
530 1597 565 1626 et
582 1604 696 1626 coram
713 1593 796 1626 data
813 1593 912 1643 copia
927 1591 1036 1635 fandi,
1101 1594 1166 1625 520

52 1637 230 1671 Maximus
248 1638 399 1671 Ilioneus
415 1638 552 1682 placido
569 1639 617 1671 sic
633 1642 771 1682 pectore
788 1638 913 1682 coepit:

52 1688 73 1705 “
84 1687 112 1720 Ο
130 1687 273 1731 Regina,
289 1698 416 1720 novam
433 1687 490 1721 cui
506 1686 652 1720 condere
669 1685 812 1729 Jupiter
828 1684 950 1718 urbem

54 1732 80 1767 J
81 1733 272 1778 ustitiaque
289 1733 385 1768 dedit
402 1736 522 1777 gentes
539 1732 675 1766 frenare
691 1730 864 1776 superbas,
