1345 1927
168 105 235 136 244
477 104 513 138 P.
534 104 737 139 VIRGILII
764 104 978 140 MARONIS

167 169 317 204 Classica
328 171 472 215 jamque
489 175 613 205 sonant
628 185 635 212 ;
661 172 690 205 it
707 171 796 206 bello
813 176 941 205 tessera
958 173 1106 216 signum.

167 213 236 248 Hic
253 216 389 260 galeam
405 217 506 250 tectis
523 218 679 262 trepidus
695 218 788 262 rapit
805 230 813 258 ;
838 217 897 250 ille
914 218 1100 252 frementes

166 260 222 294 Ad
234 262 323 305 juga
339 262 433 306 cogit
449 274 552 306 equos
566 276 574 304 ;
599 263 818 308 clipeumque
835 274 987 307 auroque
1004 265 1152 299 trilicem

167 305 323 340 Loricam
340 308 501 342 induitur
517 309 653 353 fidoque
669 309 866 352 accingitur
883 320 972 342 ense.
1216 314 1284 347 640

212 352 362 387 Pandite
378 365 473 387 nunc
490 354 670 397 Helicona,
688 354 769 398 deae,
787 358 981 398 cantusque
997 360 1142 400 movete,

168 397 237 439 Qui
252 398 342 432 bello
359 400 467 433 exciti
482 411 588 444 reges,
607 410 683 444 quae
701 411 871 444 quemque
888 405 1016 434 secutae

167 443 380 488 Complerint
396 456 533 489 campos
551 446 641 479 acies
658 458 666 486 ;
691 446 817 490 quibus
835 445 927 479 Itala
938 447 1014 489 jam
1031 450 1107 480 tum

165 488 337 523 Floruerit
354 494 446 524 terra
463 491 554 524 alma
571 491 663 534 viris,
680 490 805 535 quibus
822 491 943 524 arserit
960 493 1072 526 armis.

165 534 212 568 Et
228 536 434 569 meministis
451 536 554 578 enim,
572 536 671 579 divae,
690 541 725 570 et
741 547 929 570 memorare
946 538 1089 581 potestis
1104 551 1112 580 3

165 580 220 613 Ad
237 592 298 614 nos
316 581 375 614 vix
393 582 508 614 tenuis
525 582 627 614 famae
644 581 838 625 perlabitur
854 592 949 615 aura.

213 626 349 659 Primus
366 627 434 660 init
450 627 581 660 bellum
599 626 787 671 Tyrrhenis
804 638 904 670 asper
920 627 964 660 ab
981 629 1049 662 oris

166 671 366 705 Contemtor
382 673 504 705 divum
521 672 726 715 Mezentius,
744 672 955 716 agminaque
971 678 1093 708 armat.

165 716 276 751 Filius
293 718 376 751 huic
388 719 496 762 juxta
512 719 655 761 Lausus,
673 729 741 762 quo
757 718 935 762 pulchrior
950 718 1040 752 alter

165 762 243 796 Non
260 763 339 806 fuit,
357 769 502 808 excepto
519 764 702 797 Laurentis
720 775 858 807 corpore
875 763 993 797 Turni.
1216 769 1283 802 650

164 808 307 852 Lausus,
325 821 453 853 equum
471 810 618 843 domitor
635 809 893 853 debellatorque
910 809 1072 854 ferarum,

164 853 272 887 Ducit
289 855 456 899 Agyllina
471 855 706 899 nequidquam
723 866 766 888 ex
783 854 868 888 urbe
886 859 1020 888 secutos

164 899 263 934 Mille
280 901 369 934 viros
387 914 395 941 ;
421 901 556 944 dignus,
574 901 696 945 patriis
713 900 773 944 qui
791 900 903 933 laetior
919 905 1008 934 esset

164 945 332 989 Imperiis,
351 951 386 979 et
403 947 458 979 cui
477 951 576 990 pater
593 946 687 979 haud
704 945 899 979 Mezentius
916 950 1014 980 esset.

210 991 293 1025 Post
310 992 372 1025 hos
389 992 561 1036 insignem
578 992 695 1036 palma
711 1003 772 1035 per
788 992 948 1035 gramina
965 1003 1107 1026 currum

165 1036 389 1081 Victoresque
406 1042 558 1071 ostentat
575 1048 678 1081 equos
697 1041 792 1070 satus
810 1037 962 1070 Hercule
979 1037 1125 1081 pulchro

164 1082 314 1116 Pulcher
330 1083 527 1117 Aventinus
542 1096 550 1124 3
575 1083 754 1127 clipeoque
771 1083 907 1126 insigne
924 1088 1110 1126 paternum

163 1128 312 1161 Centum
329 1140 459 1172 angues
477 1129 695 1172 cinctamque
712 1129 802 1171 gerit
819 1128 1036 1172 serpentibus
1053 1129 1214 1174 Hydram
1229 1144 1238 1173 ;

164 1173 267 1206 Collis
284 1174 452 1207 Aventini
470 1174 558 1207 silva
575 1185 678 1218 quem
697 1174 793 1207 Rhea
810 1174 966 1207 sacerdos

162 1219 350 1253 Furtivum
366 1224 472 1264 partu
489 1219 552 1253 sub
570 1219 712 1252 luminis
729 1219 839 1252 edidit
855 1230 940 1262 oras,
1213 1225 1281 1257 660

163 1264 281 1298 Mixta
298 1265 360 1298 deo
377 1265 512 1308 mulier,
530 1269 713 1309 postquam
731 1264 920 1298 Laurentia
936 1265 1057 1309 victor,
1254 1283 1259 1288 ·

164 1311 319 1354 Geryone
337 1311 519 1354 exstincto,
537 1310 741 1354 Tirynthius
758 1311 880 1353 attigit
896 1322 989 1353 arva,

162 1356 410 1400 Tyrrhenoque
426 1357 528 1390 boves
545 1357 581 1389 in
598 1356 742 1389 flumine
758 1356 846 1389 lavit
863 1356 989 1390 Iberas.

162 1401 240 1435 Pila
255 1413 363 1435 manu
381 1414 555 1445 saevosque
571 1406 698 1446 gerunt
714 1402 751 1434 in
768 1401 859 1435 bella
876 1401 1016 1435 dolones
1029 1414 1038 1443 ;

162 1447 209 1481 Et
226 1448 328 1481 tereti
346 1452 507 1492 pugnant
523 1459 687 1480 mucrone
704 1459 856 1491 veruque
874 1447 1019 1481 Sabello.

163 1493 244 1537 Ipse
261 1494 373 1537 pedes,
392 1499 558 1537 tegumen
575 1498 738 1537 torquens
755 1493 906 1526 immane
922 1493 1040 1536 leonis,

162 1539 321 1572 Terribili
338 1539 517 1583 impexum
534 1544 628 1582 saeta,
645 1550 725 1572 cum
741 1538 904 1572 dentibus
921 1538 1018 1583 albis,

162 1584 314 1618 Indutus
332 1585 449 1629 capiti,
467 1585 515 1618 sic
531 1585 627 1628 regia
643 1588 738 1618 tecta
755 1584 894 1618 subibat

161 1629 343 1673 Horridus,
361 1630 601 1674 Herculeoque
618 1630 779 1663 humeros
795 1630 945 1664 innexus
962 1630 1103 1665 amictu.

206 1676 294 1708 Tum
311 1676 441 1719 gemini
459 1676 581 1709 fratres
598 1675 757 1709 Tiburtia
772 1676 901 1709 moenia
916 1676 1094 1720 linquunt,
1206 1679 1275 1713 670
1339 1678 1343 1713 ’.

160 1720 292 1754 Fratris
309 1721 446 1755 Tiburti
463 1722 593 1755 dictam
610 1722 812 1765 cognomine
829 1726 979 1766 gentem,

161 1766 376 1811 Catillusque
394 1779 541 1811 acerque
559 1767 671 1810 Coras,
691 1768 820 1811 Argiva
831 1769 1000 1811 juventus
1017 1780 1026 1809 ;
