1330 1932
397 43 622 78 AENEIDOS
645 44 734 79 LIB.
760 44 801 78 V.
1093 46 1154 77 191

38 109 232 154 Progenies,
250 114 397 144 auctura
414 110 521 144 Italos
535 123 544 152 ;
569 121 673 154 quem
690 110 857 144 Thracius
874 110 962 144 albis

37 155 160 189 Portat
177 167 286 199 equus
302 156 432 189 bicolor
447 156 603 199 maculis,
621 156 769 199 vestigia
785 157 890 200 primi

36 201 127 234 Alba
142 202 239 246 pedis
256 203 474 246 frontemque
490 206 667 235 ostentans
684 202 813 235 arduus
830 202 954 236 albam.

35 247 135 280 Alter
151 248 250 291 Atys,
267 259 377 291 genus
392 247 487 280 unde
503 247 579 280 Atii
596 248 727 281 duxere
743 248 872 291 Latini,

37 292 169 326 Parvus
186 294 284 337 Atys,
302 304 476 337 pueroque
492 304 579 337 puer
595 293 742 326 dilectus
761 293 848 327 Iulo.

35 337 232 381 Extremus,
250 339 430 383 formaque
446 343 529 372 ante
545 350 663 372 omnes
680 339 835 383 pulcher,
853 338 954 372 Iulus
1088 340 1154 373 570

35 383 176 417 Sidonio
193 389 245 417 est
261 385 421 418 invectus
438 396 534 428 equo,
553 396 657 428 quem
674 385 824 418 candida
840 385 932 418 Dido

34 429 118 462 Esse
135 430 189 463 sui
205 430 348 463 dederat
364 435 631 463 monumentum
648 434 683 463 et
699 430 828 474 pignus
845 430 971 464 amoris
987 442 997 466 2

36 474 157 509 Cetera
173 475 359 509 Trinacriis
375 475 484 520 pubes
501 476 644 509 senioris
660 476 796 510 Acestae

35 520 162 554 Fertur
178 522 286 565 equis.

33 565 228 611 Excipiunt
244 567 371 611 plausu
386 567 540 611 pavidos,
557 567 782 611 gaudentque
798 570 939 601 tuentes

33 611 266 654 Dardanidae3
291 617 517 656 veterumque
534 618 726 656 agnoscunt
743 624 802 646 ora
817 617 1016 657 parentum.

34 656 223 702 Postquam
239 670 376 692 omnem
392 658 465 691 laeti
482 670 678 691 consessum
695 659 880 702 oculosque
899 669 1039 692 suorum

33 702 266 737 Lustravere
256 715 294 737 111
311 704 429 747 equis:
455 704 594 747 signum
611 704 760 738 clamore
777 705 908 748 paratis

33 748 202 792 Epytides
218 749 321 793 longe
338 749 443 792 dedit,
461 749 686 793 insonuitque
702 750 850 793 flagello.

34 794 103 827 Olli
120 795 311 828 discurrere
327 805 436 838 pares,
454 798 560 838 atque
576 795 718 838 agmina
735 795 826 828 terni
1086 797 1154 829 580

31 838 193 873 Diductis
210 840 340 874 solvere
357 839 478 883 choris,
494 851 683 885 rursusque
699 840 816 874 vocati

32 884 237 919 Convertere
254 886 337 928 vias,
354 885 551 929 infestaque
567 886 639 920 tela.
655 886 777 920 tulere.

31 930 119 964 Inde
135 931 220 965 alios
237 932 361 965 ineunt
378 942 496 964 cursus
514 931 668 976 aliosque
683 943 842 965 recursus

31 976 195 1010 Adversis
212 977 343 1021 spatiis,
361 977 572 1030 alternisque
589 977 728 1011 orbibus
745 977 842 1011 orbes

31 1022 246 1067 Impediunt,
263 1034 460 1067 pugnaeque
476 1023 570 1057 cient
587 1023 773 1057 simulacra
790 1023 854 1057 sub
869 1023 996 1057 armis:

30 1067 77 1102 Et
93 1080 187 1102 1111110
204 1073 303 1112 terga
319 1069 404 1112 fuga
420 1069 581 1111 nudant3
605 1081 701 1103 nunc
718 1070 853 1113 spicula
869 1073 1014 1104 vertunt

31 1114 187 1155 Infensi3
211 1115 306 1148 facta
323 1115 454 1159 pariter
469 1126 564 1148 1111110
581 1126 666 1160 pace
683 1115 855 1149 feruntur.

31 1159 80 1193 Ut
97 1141 272 1204 quondam
291 1161 393 1194 Creta
408 1161 521 1194 fertur
537 1161 801 1205 Labyrinthus
791 1173 830 1194 111
847 1161 922 1195 alta

29 1205 227 1239 Parietibus
243 1210 383 1239 textum
400 1207 499 1239 caecis
515 1206 592 1249 iter,
610 1207 868 1250 ancipitemque

29 1251 130 1285 Mille
146 1252 211 1285 viis
228 1252 389 1285 habuisse
406 1252 536 1294 dolum,
553 1264 622 1296 qua
639 1253 738 1295 signa
756 1252 923 1296 sequendi
1085 1255 1152 1286 590

29 1296 182 1330 Falleret
198 1298 427 1341 indeprensus
445 1302 480 1331 et
496 1297 723 1331 irremeabilis
740 1309 842 1332 error.

30 1342 138 1376 Haud
155 1343 222 1376 alio
240 1343 413 1376 Teucrum
429 1343 506 1376 nati
522 1344 671 1387 vestigia
689 1355 793 1376 cursu

30 1388 243 1433 Impediunt,
262 1393 458 1436 texuntque
473 1389 576 1433 fugas
593 1394 629 1423 et
645 1390 767 1442 proelia
783 1389 890 1430 ludo,
882 1401 890 1409 ·

28 1433 246 1479 Delphinum
263 1435 400 1478 similes,
419 1435 480 1478 qui
496 1446 558 1479 per
573 1436 683 1469 maria
700 1435 846 1468 humida
862 1434 978 1469 nando

29 1480 258 1524 Carpathium
275 1480 514 1524 Libycumque
532 1486 650 1514 secant
667 1480 879 1526 [luduntque
896 1492 957 1525 per
973 1480 1112 1533 undas]

28 1525 136 1559 Hune
151 1537 292 1569 morem,
309 1526 371 1559 hos
389 1537 518 1569 cursus,
535 1531 642 1570 atque
658 1527 733 1560 haec
750 1528 941 1560 certamina
957 1527 1090 1571 primus

28 1571 208 1615 Ascanius,
226 1572 382 1615 Longam
397 1572 506 1604 muris
523 1583 632 1616 quum
649 1573 804 1616 cingeret
822 1573 957 1616 Albam,

30 1617 176 1659 Retulit,
194 1621 229 1651 et
247 1618 375 1662 priscos
393 1618 512 1651 docuit
530 1617 700 1652 celebrare
718 1618 870 1661 Latinos,

30 1663 106 1703 Quo
123 1674 209 1706 puer
225 1663 299 1707 ipse
314 1664 426 1706 modo,
444 1675 561 1697 secum
577 1675 645 1708 quo
662 1664 765 1698 Troia
782 1664 900 1708 pubes.

30 1708 158 1743 Albani
176 1709 323 1744 docuere
339 1721 418 1745 suos
432 1722 441 1753 3
466 1709 550 1746 hinc
566 1710 722 1746 maxima
737 1722 838 1757 porro
1086 1712 1153 1744 600
