1320 1932
327 169 371 203 P.
391 168 659 205 VIRGILII
697 164 977 202 MARONIS

269 304 1032 361 AENEIDOS

368 457 536 491 LIBER
567 456 935 491 DUODECIMUS.

93 651 242 686 'sumtus
259 657 301 687 ut
317 654 483 688 infractos
499 654 642 688 adverso
658 655 775 689 Marte
792 655 934 690 Latinos

91 697 265 731 Defecisse
282 699 388 742 videt,
406 712 468 733 sua
485 712 579 734 nunc
596 701 762 745 promissa
777 702 919 746 reposci,

92 742 135 776 Se
154 744 285 787 signari
301 746 410 778 oculis
425 758 433 786 ;
458 746 551 779 ultro
568 747 798 790 implacabilis
815 748 924 790 ardet,

91 789 305 833 Attollitque
321 791 462 824 animos.
504 791 690 825 Poenorum
707 793 820 835 qualis
838 793 874 825 in
892 794 992 836 arvis,

91 834 238 868 Saucius
255 835 314 868 iHe
330 837 429 879 gravi
446 842 638 870 venantum
656 837 799 871 vulnere
815 843 948 882 pectus,

91 879 179 913 Tum
198 880 338 914 demum
355 886 470 916 movet
487 894 584 916 arma
600 883 663 926 leo5
680 883 880 927 gaudetque
897 889 1072 919 comantes

90 925 283 959 Excutiens
301 928 432 961 cervice
450 932 551 972 toros,
568 929 750 973 fixumque
766 929 911 963 latronis

91 971 295 1015 Impavidus
311 973 444 1017 frangit
462 974 581 1017 telum,
600 979 635 1008 et
651 975 770 1008 fremit
787 986 844 1008 ore
862 980 1024 1011 cruento:

91 1016 198 1050 Haud
216 1029 314 1052 secus
331 1030 474 1053 accenso
491 1020 607 1063 gliscit
624 1021 791 1054 violentia
808 1021 933 1055 Turno.

91 1062 180 1095 Tum
198 1063 246 1096 sic
263 1063 392 1098 affatur
407 1076 533 1109 regem,
551 1071 656 1110 atque
673 1067 724 1100 ita
741 1067 902 1100 turbidus
919 1067 1018 1101 infit:
1167 1071 1210 1102 10

94 1113 112 1128 “
124 1111 227 1143 Nulla
246 1121 342 1143 mora
359 1111 396 1142 in
413 1110 528 1143 Turno
546 1123 554 1151 ς
579 1111 670 1144 nihil
688 1117 738 1144 est
757 1113 849 1155 quod
868 1114 962 1147 dicta
979 1119 1173 1150 retractent

91 1153 218 1196 Ignavi
233 1154 418 1197 AEneafdae3
443 1166 507 1188 nec
524 1167 601 1199 quae
618 1155 789 1200 pepigere,
807 1162 976 1189 recusent.

93 1198 310 1242 Congredior,
351 1200 417 1233 Fer
434 1212 540 1240 sacra,
557 1206 664 1245 pater,
683 1206 718 1234 et
735 1201 876 1244 concipe
892 1201 1014 1235 foedus.

91 1244 164 1278 Aut
181 1245 247 1278 hac
263 1245 482 1279 Dardanium
500 1247 623 1280 dextra
641 1246 704 1279 sub
720 1246 865 1279 Tartara
880 1247 1031 1288 mittam,

90 1289 309 1324 Desertorem
326 1292 618 1334 Asiae‚—sedeant
636 1295 860 1336 spectentque
878 1292 1043 1325 Latinj—

91 1335 137 1368 Et
155 1336 246 1369 solus
264 1336 354 1370 ferro
371 1337 502 1370 crimen
520 1349 700 1370 commune
716 1337 891 1370 refellam:

88 1382 162 1414 Aut
180 1381 307 1415 habeat
324 1382 432 1416 victos
450 1395 457 1423 ;
482 1383 583 1416 cedat
600 1383 745 1416 Lavinia
765 1381 923 1427 conqu.”

137 1427 207 1459 Olli
225 1428 342 1460 sedato
358 1428 537 1472 respondit
554 1428 654 1462 corde
672 1429 819 1463 Latinus
834 1440 840 1462 :

86 1473 107 1490 “
121 1472 148 1506 Ο
166 1478 332 1513 praestans
351 1474 455 1506 animi
470 1474 621 1516 juvenis,
639 1478 812 1517 quantum
829 1474 903 1518 ipse
920 1473 1026 1506 feroci

91 1517 233 1550 Virtute
250 1528 447 1561 exsuperas,
465 1522 564 1551 tanto
580 1529 636 1550 me
653 1517 841 1561 impensius
859 1528 1000 1560 aequum
1017 1520 1069 1550 est
1163 1519 1208 1550 20

92 1562 285 1605 Consulere,
303 1568 406 1606 atque
423 1574 541 1596 omnes
557 1567 771 1596 metuentem
787 1562 982 1606 expendere
998 1573 1107 1596 casus.

92 1607 183 1641 Sunt
200 1607 265 1641 tibi
281 1619 389 1652 regna
406 1610 514 1653 patris
532 1609 659 1652 Dauni,
677 1612 760 1641 sunt
777 1608 905 1652 oppida
922 1612 1025 1651 capta

92 1653 210 1686 Multa
226 1665 332 1687 manu
342 1666 351 1694 3
376 1666 439 1687 nec
456 1666 526 1687 non
543 1665 737 1698 aurumque
754 1654 959 1697 animusque
975 1653 1101 1687 Latino
1118 1658 1170 1687 est
1183 1665 1194 1695 ;

92 1699 183 1732 Sunt
200 1698 277 1732 aliae
293 1699 452 1743 innuptae
470 1700 569 1733 Latio
587 1705 622 1733 et
639 1698 870 1733 Laurentibus
887 1699 989 1743 agris,

93 1744 166 1777 Nec
183 1755 293 1787 genus
310 1745 496 1780 indecores.
537 1746 618 1779 Sine
635 1757 690 1779 me
706 1746 782 1779 haec
799 1745 895 1778 haud
911 1745 1030 1778 mollia
1046 1745 1125 1778 fatu
