1345 1927
74 48 141 79 21ss
378 47 414 81 P.
443 48 648 82 VIRGILII
675 49 891 84 MARONIS

74 113 139 146 Sed
158 125 213 147 me
231 125 339 158 quum
355 115 444 149 lucis
462 116 595 150 Hecate
612 117 768 161 praefecit
785 117 942 159 Avemis,

76 159 156 201 Ipsa
173 159 276 192 deum
294 172 412 204 poenas
430 161 557 203 docuit,
576 173 704 206 perque
723 162 838 195 omnia
855 162 968 196 duxit.

75 204 222 238 Gnosius
239 205 313 239 haec
332 206 620 240 Rhadamanthus
638 207 744 240 habet
762 208 945 241 durissima
961 219 1079 252 regna,

75 249 299 294 Castigatque
316 252 483 296 auditque
501 253 615 292 dolos;
641 253 841 296 subigitque
858 253 972 296 fateri,

75 295 158 335 Quae
175 296 252 339 quis
269 297 363 341 apud
381 309 529 342 superos,
547 298 642 331 furto
659 298 799 331 laetatus
817 299 924 341 inani,

73 340 222 375 Distulit
239 342 276 375 in
293 354 403 376 seram
421 344 601 377 commissa
618 344 757 388 piacula
773 348 928 377 mortem.

74 386 246 421 Continuo
263 394 377 422 sontes
395 389 505 422 ultrix
522 390 679 423 accincta
694 389 832 432 flagello
1126 390 1194 423 570

73 431 259 476 Tisiphone
277 435 392 477 quatit
409 435 590 477 insultans,
609 439 789 478 torvosque
808 435 947 468 sinistra

74 476 258 512 Intentans
275 491 417 522 angues,
435 485 536 513 vocat
552 481 693 523 agmina
710 491 800 513 saeva
818 491 980 514 sororum.

73 522 162 556 Tum
180 524 321 557 demum
338 525 514 558 horrisono
533 525 717 558 stridentes
735 526 874 558 cardine
892 536 996 559 sacrae

75 567 284 602 panduntur
301 574 419 614 portae.
462 570 589 613 Cernis,
607 571 765 603 custodia
781 571 893 614 qualis

75 613 253 648 vestibulo
271 615 412 649 sedeat?
437 616 542 649 facies
560 627 635 659 quae
652 615 775 649 limina
792 615 926 650 servet3

73 659 338 703 Quinquaginta
355 661 439 694 atris
456 661 617 694 immanis
635 661 789 694 hiatibus
807 661 931 705 Hydra

72 705 204 738 Saevior
221 706 317 739 intus
334 706 440 740 habet
459 707 582 740 sedem.
625 707 713 739 Tum
731 706 895 739 Tartarus
912 707 986 751 ipse

71 751 130 784 Bis
148 755 246 794 patet
263 752 299 784 in
317 764 467 796 praeceps
484 757 624 786 tantum
643 752 824 796 tenditque
842 752 906 785 sub
923 751 1072 795 umbras,

73 796 232 837 Quantus
250 798 294 830 ad
312 798 494 831 aetherium
512 798 589 831 coeli
607 802 786 841 suspectus
805 797 1003 842 Olympum.

72 842 140 875 Hic
158 853 267 886 genus
284 844 470 888 antiquum
483 844 606 885 Terrae,
624 843 764 876 Titania
781 842 898 886 pubes,
1125 845 1193 877 580

73 888 234 922 Fulmine
251 889 386 933 dejecti,
403 889 513 922 fundo
531 889 721 922 volvuntur
738 889 774 921 in
792 888 860 921 imo
875 901 881 922 :

72 933 140 967 Hic
158 938 193 967 et
211 934 354 968 Aloidas
372 936 535 978 geminos,
554 935 721 968 immania
738 934 811 967 vidi

73 979 220 1024 Corpora
234 991 241 1013 :
267 981 327 1024 qui
344 980 505 1014 manibus
522 991 690 1024 magnum
707 979 900 1013 rescindere
918 979 1044 1013 coelum

70 1025 243 1068 Aggressi,
261 1027 462 1069 superisque
479 1027 504 1060 J
506 1037 604 1060 ovem
622 1025 806 1059 detrudere
823 1026 948 1069 regnis.

72 1071 153 1104 Vidi
170 1075 206 1104 et
223 1071 378 1105 crudeles
396 1072 538 1105 dantem
556 1071 739 1105 Salmonea
755 1082 885 1115 poenas,

68 1116 163 1150 Dum
180 1117 336 1150 flammas
353 1117 378 1150 J
381 1117 453 1151 ovis
471 1122 505 1150 et
523 1117 656 1151 sonitus
674 1117 838 1150 imitatur
856 1117 1006 1160 Olympi.

71 1161 228 1202 Quatuor
244 1162 301 1196 hic
319 1162 478 1196 invectus
496 1163 592 1206 equis
610 1166 645 1196 et
662 1162 826 1206 lampada
843 1173 1020 1205 quassans,

72 1207 136 1241 Per
153 1208 297 1241 Graium
315 1208 459 1252 populos
476 1209 669 1252 mediaeque
685 1219 747 1251 per
764 1207 875 1240 Elidis
892 1207 1014 1241 urbem

73 1253 149 1286 [bat
167 1264 282 1297 ovans,
301 1254 491 1297 divumque
510 1254 575 1286 sibi
592 1253 755 1297 poscebat
772 1253 946 1296 honorem,

67 1298 236 1334 Demens!
264 1299 324 1343 qui
341 1299 475 1332 nimbos
493 1303 528 1332 et
544 1310 614 1332 non
631 1298 802 1332 imitabile
817 1299 952 1332 fulmen
1125 1300 1193 1333 590

66 1344 151 1378 AEre
168 1348 204 1378 et
221 1345 446 1388 cornipedum
464 1345 568 1389 pulsu
585 1344 767 1378 simularat
785 1355 962 1388 equorum.

67 1389 116 1423 At
133 1393 233 1434 pater
249 1391 467 1434 omnipotens
485 1391 591 1424 densa
607 1391 700 1423 inter
716 1389 839 1423 nubila
857 1390 968 1423 telum

69 1435 263 1477 Contorsit;
288 1447 358 1469 non
375 1436 435 1469 ille
451 1437 554 1479 faces,
572 1447 636 1469 nec
652 1436 771 1469 fumea
788 1435 887 1468 taedis

68 1480 237 1523 Lumina3
263 1482 546 1526 praeeipitemque
563 1481 709 1515 immani
727 1481 866 1514 turbine
883 1480 1011 1524 adegit.

67 1526 101 1560 N
102 1538 140 1560 ec
156 1538 227 1560 non
244 1531 279 1561 et
296 1527 434 1571 Tityon,
452 1528 563 1560 Terrae
582 1527 831 1571 omniparentis
848 1526 1041 1569 alumnum,

68 1571 212 1606 Cernere
230 1576 314 1615 erat,
331 1584 392 1617 per
409 1577 484 1607 tota
500 1584 624 1606 novem
640 1573 698 1606 cui
710 1574 838 1616 jugera
854 1583 978 1616 corpus

69 1617 262 1662 Porrigitur
277 1631 285 1659 ;
309 1623 488 1663 rostroque
504 1619 667 1651 immanis
685 1617 807 1651 vultur
823 1617 958 1651 obunco

71 1662 271 1697 immortale
282 1665 384 1707 jecur
401 1664 556 1705 tondens,
574 1663 793 1707 fecundaque
809 1662 921 1707 poenis
990 1666 998 1671 '

67 1707 217 1752 Viscera,
234 1709 449 1754 rimaturque
466 1709 588 1754 epulis,
605 1709 812 1752 habitatque
828 1707 892 1742 sub
908 1707 981 1742 alto
