<?xml version="1.0" encoding="UTF-8"?>
<!DOCTYPE html PUBLIC "-//W3C//DTD XHTML 1.0 Transitional//EN"
    "http://www.w3.org/TR/xhtml1/DTD/xhtml1-transitional.dtd">
<html xmlns="http://www.w3.org/1999/xhtml" xml:lang="en" lang="en">
 <head>
  <title>
</title>
<meta http-equiv="Content-Type" content="text/html;charset=utf-8" />
  <meta name='ocr-system' content='tesseract 3.04.00' />
  <meta name='ocr-capabilities' content='ocr_page ocr_carea ocr_par ocr_line ocrx_word'/>
</head>
<body>
  <div class='ocr_page' id='page_1' title='image "./operaomnia00virguoft/operaomnia00virguoft_0370.png"; bbox 0 0 1345 1927; ppageno 0'>
   <div class='ocr_carea' id='block_1_1' title="bbox 142 92 955 128">
    <p class='ocr_par' dir='ltr' id='par_1_1' title="bbox 142 92 955 128">
     <span class='ocr_line' id='line_1_1' title="bbox 142 92 955 128; baseline 0 -1"><span class='ocrx_word' id='word_1_1' title='bbox 142 95 210 127; x_wconf 84' lang='lat'><strong>362</strong></span> <span class='ocrx_word' id='word_1_2' title='bbox 455 92 491 126; x_wconf 91' lang='grc' dir='ltr'><strong>Ρ.</strong></span> <span class='ocrx_word' id='word_1_3' title='bbox 511 92 714 126; x_wconf 87' lang='lat' dir='ltr'>VIRGILII</span> <span class='ocrx_word' id='word_1_4' title='bbox 740 93 909 127; x_wconf 79' lang='lat' dir='ltr'><strong>MARON</strong></span> <span class='ocrx_word' id='word_1_5' title='bbox 913 93 955 128; x_wconf 91' lang='lat' dir='ltr'><strong>IS</strong></span> 
     </span>
    </p>
   </div>
   <div class='ocr_carea' id='block_1_2' title="bbox 138 160 1269 1807">
    <p class='ocr_par' dir='ltr' id='par_1_2' title="bbox 143 160 1040 206">
     <span class='ocr_line' id='line_1_2' title="bbox 143 160 1040 206; baseline 0.001 -12"><span class='ocrx_word' id='word_1_6' title='bbox 143 160 329 205; x_wconf 85' lang='lat' dir='ltr'><strong>Multaque</strong></span> <span class='ocrx_word' id='word_1_7' title='bbox 347 171 407 206; x_wconf 89' lang='lat' dir='ltr'><strong>per</strong></span> <span class='ocrx_word' id='word_1_8' title='bbox 423 165 584 194; x_wconf 73' lang='lat' dir='ltr'><strong>maestum</strong></span> <span class='ocrx_word' id='word_1_9' title='bbox 601 161 741 195; x_wconf 85' lang='lat' dir='ltr'><strong>demens</strong></span> <span class='ocrx_word' id='word_1_10' title='bbox 759 162 863 195; x_wconf 63' lang='lat' dir='ltr'><strong>estat-a</strong></span> <span class='ocrx_word' id='word_1_11' title='bbox 880 163 1040 205; x_wconf 86' lang='lat' dir='ltr'><strong>furorem,</strong></span> 
     </span>
    </p>

    <p class='ocr_par' dir='ltr' id='par_1_3' title="bbox 144 206 1010 252">
     <span class='ocr_line' id='line_1_3' title="bbox 144 206 1010 252; baseline 0.002 -12"><span class='ocrx_word' id='word_1_12' title='bbox 144 206 342 252; x_wconf 85' lang='lat' dir='ltr'><strong>Purpureos</strong></span> <span class='ocrx_word' id='word_1_13' title='bbox 359 208 528 241; x_wconf 88' lang='lat' dir='ltr'><strong>moritura</strong></span> <span class='ocrx_word' id='word_1_14' title='bbox 544 220 651 242; x_wconf 85' lang='lat' dir='ltr'><strong>manu</strong></span> <span class='ocrx_word' id='word_1_15' title='bbox 668 209 834 242; x_wconf 86' lang='lat' dir='ltr'><strong>discindit</strong></span> <span class='ocrx_word' id='word_1_16' title='bbox 851 209 1010 252; x_wconf 88' lang='lat' dir='ltr'><strong>amictus,</strong></span> 
     </span>
    </p>

    <p class='ocr_par' dir='ltr' id='par_1_4' title="bbox 143 253 988 289">
     <span class='ocr_line' id='line_1_4' title="bbox 143 253 988 289; baseline 0.002 -2"><span class='ocrx_word' id='word_1_17' title='bbox 143 253 190 287; x_wconf 75' lang='lat' dir='ltr'><strong>Et</strong></span> <span class='ocrx_word' id='word_1_18' title='bbox 207 255 337 288; x_wconf 89' lang='lat' dir='ltr'><strong>nodum</strong></span> <span class='ocrx_word' id='word_1_19' title='bbox 355 255 511 288; x_wconf 87' lang='lat' dir='ltr'><strong>informis</strong></span> <span class='ocrx_word' id='word_1_20' title='bbox 527 254 589 288; x_wconf 80' lang='lat' dir='ltr'><strong>leti</strong></span> <span class='ocrx_word' id='word_1_21' title='bbox 607 254 703 288; x_wconf 83' lang='lat' dir='ltr'><strong>trabe</strong></span> <span class='ocrx_word' id='word_1_22' title='bbox 721 256 831 288; x_wconf 89' lang='lat' dir='ltr'><strong>nectit</strong></span> <span class='ocrx_word' id='word_1_23' title='bbox 848 255 891 288; x_wconf 86' lang='lat' dir='ltr'><strong>ab</strong></span> <span class='ocrx_word' id='word_1_24' title='bbox 908 255 988 289; x_wconf 85' lang='lat' dir='ltr'><strong>alta.</strong></span> 
     </span>
    </p>

    <p class='ocr_par' dir='ltr' id='par_1_5' title="bbox 145 300 1101 346">
     <span class='ocr_line' id='line_1_5' title="bbox 145 300 1101 346; baseline 0.001 -13"><span class='ocrx_word' id='word_1_25' title='bbox 145 300 259 342; x_wconf 82' lang='lat' dir='ltr'><strong>Quam</strong></span> <span class='ocrx_word' id='word_1_26' title='bbox 276 301 409 335; x_wconf 78' lang='lat' dir='ltr'><strong>cladem</strong></span> <span class='ocrx_word' id='word_1_27' title='bbox 426 301 558 334; x_wconf 57' lang='lat' dir='ltr'><strong>n‘niserae</strong></span> <span class='ocrx_word' id='word_1_28' title='bbox 576 306 760 345; x_wconf 82' lang='lat' dir='ltr'>postquam</span> <span class='ocrx_word' id='word_1_29' title='bbox 777 313 939 346; x_wconf 80' lang='lat' dir='ltr'><strong>accepere</strong></span> <span class='ocrx_word' id='word_1_30' title='bbox 957 301 1101 345; x_wconf 86' lang='lat' dir='ltr'><strong>Latinae,</strong></span> 
     </span>
    </p>

    <p class='ocr_par' dir='ltr' id='par_1_6' title="bbox 145 346 897 392">
     <span class='ocr_line' id='line_1_6' title="bbox 145 346 897 392; baseline 0 -12"><span class='ocrx_word' id='word_1_31' title='bbox 145 346 237 381; x_wconf 87' lang='lat' dir='ltr'><strong>Filia</strong></span> <span class='ocrx_word' id='word_1_32' title='bbox 254 347 366 392; x_wconf 89' lang='lat' dir='ltr'><strong>prima</strong></span> <span class='ocrx_word' id='word_1_33' title='bbox 382 359 489 381; x_wconf 89' lang='lat' dir='ltr'><strong>manu</strong></span> <span class='ocrx_word' id='word_1_34' title='bbox 506 347 611 380; x_wconf 83' lang='lat' dir='ltr'><strong>flavos</strong></span> <span class='ocrx_word' id='word_1_35' title='bbox 626 348 771 381; x_wconf 86' lang='lat' dir='ltr'><strong>Lavinia</strong></span> <span class='ocrx_word' id='word_1_36' title='bbox 788 348 897 380; x_wconf 87' lang='lat' dir='ltr'><strong>crines</strong></span> 
     </span>
    </p>

    <p class='ocr_par' dir='ltr' id='par_1_7' title="bbox 145 392 977 437">
     <span class='ocr_line' id='line_1_7' title="bbox 145 392 977 437; baseline 0.001 -11"><span class='ocrx_word' id='word_1_37' title='bbox 145 392 192 426; x_wconf 89' lang='lat' dir='ltr'><strong>Et</strong></span> <span class='ocrx_word' id='word_1_38' title='bbox 208 405 320 427; x_wconf 80' lang='lat' dir='ltr'><strong>rose-as</strong></span> <span class='ocrx_word' id='word_1_39' title='bbox 336 394 470 427; x_wconf 85' lang='lat' dir='ltr'><strong>laniata</strong></span> <span class='ocrx_word' id='word_1_40' title='bbox 487 405 602 437; x_wconf 64' lang='lat' dir='ltr'><strong>gena-2³,</strong></span> <span class='ocrx_word' id='word_1_41' title='bbox 621 398 697 427; x_wconf 89' lang='lat' dir='ltr'><strong>tum</strong></span> <span class='ocrx_word' id='word_1_42' title='bbox 715 398 829 427; x_wconf 85' lang='lat' dir='ltr'><strong>cetera</strong></span> <span class='ocrx_word' id='word_1_43' title='bbox 846 394 977 427; x_wconf 86' lang='lat' dir='ltr'><strong>circum</strong></span> 
     </span>
    </p>

    <p class='ocr_par' dir='ltr' id='par_1_8' title="bbox 146 439 1024 484">
     <span class='ocr_line' id='line_1_8' title="bbox 146 439 1024 484; baseline 0.001 -12"><span class='ocrx_word' id='word_1_44' title='bbox 146 439 271 483; x_wconf 86' lang='lat' dir='ltr'><strong>Turba,</strong></span> <span class='ocrx_word' id='word_1_45' title='bbox 289 440 393 473; x_wconf 86' lang='lat' dir='ltr'><strong>furit:</strong></span> <span class='ocrx_word' id='word_1_46' title='bbox 419 444 581 473; x_wconf 85' lang='lat' dir='ltr'><strong>resonant</strong></span> <span class='ocrx_word' id='word_1_47' title='bbox 598 440 668 473; x_wconf 88' lang='lat' dir='ltr'><strong>late</strong></span> <span class='ocrx_word' id='word_1_48' title='bbox 685 439 908 484; x_wconf 83' lang='lat' dir='ltr'>plangoribus</span> <span class='ocrx_word' id='word_1_49' title='bbox 926 440 1024 474; x_wconf 83' lang='lat' dir='ltr'><strong>aedes.</strong></span> 
     </span>
    </p>

    <p class='ocr_par' dir='ltr' id='par_1_9' title="bbox 148 485 1027 530">
     <span class='ocr_line' id='line_1_9' title="bbox 148 485 1027 530; baseline 0.001 -12"><span class='ocrx_word' id='word_1_50' title='bbox 148 485 242 519; x_wconf 90' lang='lat' dir='ltr'><strong>Hinc</strong></span> <span class='ocrx_word' id='word_1_51' title='bbox 259 489 370 519; x_wconf 88' lang='lat' dir='ltr'><strong>totam</strong></span> <span class='ocrx_word' id='word_1_52' title='bbox 387 486 511 519; x_wconf 79' lang='lat' dir='ltr'>infelix</span> <span class='ocrx_word' id='word_1_53' title='bbox 529 485 694 529; x_wconf 82' lang='lat' dir='ltr'><strong>vulgatur</strong></span> <span class='ocrx_word' id='word_1_54' title='bbox 710 487 804 520; x_wconf 84' lang='lat' dir='ltr'><strong>fama</strong></span> <span class='ocrx_word' id='word_1_55' title='bbox 820 498 881 530; x_wconf 88' lang='lat' dir='ltr'><strong>per</strong></span> <span class='ocrx_word' id='word_1_56' title='bbox 898 486 1027 520; x_wconf 87' lang='lat' dir='ltr'><strong>urbem.</strong></span> 
     </span>
    </p>

    <p class='ocr_par' dir='ltr' id='par_1_10' title="bbox 143 531 976 575">
     <span class='ocr_line' id='line_1_10' title="bbox 143 531 976 575; baseline 0 -10"><span class='ocrx_word' id='word_1_57' title='bbox 143 531 346 565; x_wconf 79' lang='lat' dir='ltr'><strong>Demittunt</strong></span> <span class='ocrx_word' id='word_1_58' title='bbox 362 536 495 565; x_wconf 84' lang='lat' dir='ltr'><strong>mentes</strong></span> <span class='ocrx_word' id='word_1_59' title='bbox 510 544 518 572; x_wconf 91' lang='lat'>;</span> <span class='ocrx_word' id='word_1_60' title='bbox 543 532 572 564; x_wconf 92' lang='lat' dir='ltr'><strong>it</strong></span> <span class='ocrx_word' id='word_1_61' title='bbox 589 532 693 565; x_wconf 84' lang='lat' dir='ltr'><strong>scissa</strong></span> <span class='ocrx_word' id='word_1_62' title='bbox 709 537 804 565; x_wconf 83' lang='lat' dir='ltr'><strong>veste</strong></span> <span class='ocrx_word' id='word_1_63' title='bbox 822 532 976 575; x_wconf 86' lang='lat' dir='ltr'><strong>Latinus,</strong></span> 
     </span>
    </p>

    <p class='ocr_par' dir='ltr' id='par_1_11' title="bbox 145 577 1263 621">
     <span class='ocr_line' id='line_1_11' title="bbox 145 577 1263 621; baseline 0.001 -11"><span class='ocrx_word' id='word_1_64' title='bbox 145 578 309 621; x_wconf 82' lang='lat' dir='ltr'><strong>Conjugis</strong></span> <span class='ocrx_word' id='word_1_65' title='bbox 327 577 498 611; x_wconf 88' lang='lat' dir='ltr'><strong>attonitus</strong></span> <span class='ocrx_word' id='word_1_66' title='bbox 515 578 607 619; x_wconf 81' lang='lat' dir='ltr'><strong>fatis,</strong></span> <span class='ocrx_word' id='word_1_67' title='bbox 626 577 790 621; x_wconf 84' lang='lat' dir='ltr'><strong>urbisque</strong></span> <span class='ocrx_word' id='word_1_68' title='bbox 806 578 918 621; x_wconf 86' lang='lat' dir='ltr'><strong>ruina,</strong></span> <span class='ocrx_word' id='word_1_69' title='bbox 1196 578 1263 611; x_wconf 89' lang='grc'><strong>610</strong></span> 
     </span>
    </p>

    <p class='ocr_par' dir='ltr' id='par_1_12' title="bbox 145 623 1040 668">
     <span class='ocr_line' id='line_1_12' title="bbox 145 623 1040 668; baseline -0.001 -11"><span class='ocrx_word' id='word_1_70' title='bbox 145 623 316 657; x_wconf 85' lang='lat' dir='ltr'><strong>Canitiem</strong></span> <span class='ocrx_word' id='word_1_71' title='bbox 334 623 514 657; x_wconf 89' lang='lat' dir='ltr'><strong>immundo</strong></span> <span class='ocrx_word' id='word_1_72' title='bbox 531 624 707 668; x_wconf 85' lang='lat' dir='ltr'><strong>perfusam</strong></span> <span class='ocrx_word' id='word_1_73' title='bbox 724 624 866 668; x_wconf 85' lang='lat' dir='ltr'><strong>pulvere</strong></span> <span class='ocrx_word' id='word_1_74' title='bbox 883 628 1040 668; x_wconf 87' lang='lat' dir='ltr'><strong>turpans,</strong></span> 
     </span>
    </p>

    <p class='ocr_par' dir='ltr' id='par_1_13' title="bbox 144 669 1012 714">
     <span class='ocr_line' id='line_1_13' title="bbox 144 669 1012 714; baseline 0.001 -12"><span class='ocrx_word' id='word_1_75' title='bbox 144 669 345 714; x_wconf 84' lang='lat' dir='ltr'><strong>[Multaque</strong></span> <span class='ocrx_word' id='word_1_76' title='bbox 362 681 397 703; x_wconf 89' lang='lat' dir='ltr'><strong>se</strong></span> <span class='ocrx_word' id='word_1_77' title='bbox 413 670 561 713; x_wconf 80' lang='lat' dir='ltr'><strong>incusat,</strong></span> <span class='ocrx_word' id='word_1_78' title='bbox 578 670 639 714; x_wconf 89' lang='lat' dir='ltr'><strong>qui</strong></span> <span class='ocrx_word' id='word_1_79' title='bbox 656 681 724 703; x_wconf 87' lang='lat' dir='ltr'><strong>non</strong></span> <span class='ocrx_word' id='word_1_80' title='bbox 742 670 913 714; x_wconf 86' lang='lat' dir='ltr'><strong>acceperit</strong></span> <span class='ocrx_word' id='word_1_81' title='bbox 929 674 1012 703; x_wconf 88' lang='lat' dir='ltr'><strong>ante</strong></span> 
     </span>
    </p>

    <p class='ocr_par' dir='ltr' id='par_1_14' title="bbox 144 714 1114 806">
     <span class='ocr_line' id='line_1_14' title="bbox 144 714 1114 760; baseline 0.001 -12"><span class='ocrx_word' id='word_1_82' title='bbox 144 716 363 750; x_wconf 89' lang='lat' dir='ltr'><strong>Dardanium</strong></span> <span class='ocrx_word' id='word_1_83' title='bbox 380 716 525 757; x_wconf 80' lang='lat' dir='ltr'><strong>AEnean,</strong></span> <span class='ocrx_word' id='word_1_84' title='bbox 543 727 778 760; x_wconf 83' lang='lat' dir='ltr'><strong>generumque</strong></span> <span class='ocrx_word' id='word_1_85' title='bbox 795 716 980 750; x_wconf 83' lang='lat' dir='ltr'><strong>adsciverit</strong></span> <span class='ocrx_word' id='word_1_86' title='bbox 996 714 1114 760; x_wconf 64' lang='lat' dir='ltr'><strong>ultra]</strong></span> 
     </span>
     <span class='ocr_line' id='line_1_15' title="bbox 192 761 1024 806; baseline 0.001 -11"><span class='ocrx_word' id='word_1_87' title='bbox 192 762 330 795; x_wconf 85' lang='lat' dir='ltr'><strong>Interea</strong></span> <span class='ocrx_word' id='word_1_88' title='bbox 347 767 502 795; x_wconf 87' lang='lat' dir='ltr'><strong>extremo</strong></span> <span class='ocrx_word' id='word_1_89' title='bbox 519 761 665 795; x_wconf 77' lang='lat' dir='ltr'><strong>bellator</strong></span> <span class='ocrx_word' id='word_1_90' title='bbox 681 762 717 794; x_wconf 90' lang='lat' dir='ltr'><strong>in</strong></span> <span class='ocrx_word' id='word_1_91' title='bbox 736 773 869 806; x_wconf 88' lang='lat' dir='ltr'><strong>aequore</strong></span> <span class='ocrx_word' id='word_1_92' title='bbox 887 762 1024 796; x_wconf 84' lang='lat' dir='ltr'><strong>Turnus</strong></span> 
     </span>
    </p>

    <p class='ocr_par' dir='ltr' id='par_1_15' title="bbox 147 808 1011 852">
     <span class='ocr_line' id='line_1_16' title="bbox 147 808 1011 852; baseline 0 -11"><span class='ocrx_word' id='word_1_93' title='bbox 147 808 309 841; x_wconf 87' lang='lat' dir='ltr'><strong>Palantes</strong></span> <span class='ocrx_word' id='word_1_94' title='bbox 326 809 484 852; x_wconf 88' lang='lat' dir='ltr'><strong>sequitur</strong></span> <span class='ocrx_word' id='word_1_95' title='bbox 501 819 638 852; x_wconf 81' lang='lat' dir='ltr'><strong>paucos,</strong></span> <span class='ocrx_word' id='word_1_96' title='bbox 651 809 725 852; x_wconf 87' lang='lat' dir='ltr'><strong>jam</strong></span> <span class='ocrx_word' id='word_1_97' title='bbox 743 808 888 851; x_wconf 84' lang='lat' dir='ltr'><strong>segnior,</strong></span> <span class='ocrx_word' id='word_1_98' title='bbox 905 812 1011 852; x_wconf 84' lang='lat' dir='ltr'><strong>atque</strong></span> 
     </span>
    </p>

    <p class='ocr_par' dir='ltr' id='par_1_16' title="bbox 145 854 1100 898">
     <span class='ocr_line' id='line_1_17' title="bbox 145 854 1100 898; baseline 0.001 -11"><span class='ocrx_word' id='word_1_99' title='bbox 145 854 170 887; x_wconf 86' lang='lat' dir='ltr'><strong>J</strong></span> <span class='ocrx_word' id='word_1_100' title='bbox 172 865 228 887; x_wconf 89' lang='lat' dir='ltr'><strong>am</strong></span> <span class='ocrx_word' id='word_1_101' title='bbox 245 854 361 887; x_wconf 90' lang='lat' dir='ltr'><strong>minus</strong></span> <span class='ocrx_word' id='word_1_102' title='bbox 377 858 482 897; x_wconf 85' lang='lat' dir='ltr'><strong>atque</strong></span> <span class='ocrx_word' id='word_1_103' title='bbox 500 854 615 887; x_wconf 85' lang='lat' dir='ltr'><strong>minus</strong></span> <span class='ocrx_word' id='word_1_104' title='bbox 633 865 790 887; x_wconf 80' lang='lat' dir='ltr'><strong>successu</strong></span> <span class='ocrx_word' id='word_1_105' title='bbox 807 854 908 887; x_wconf 81' lang='lat' dir='ltr'><strong>laetus</strong></span> <span class='ocrx_word' id='word_1_106' title='bbox 926 865 1100 898; x_wconf 84' lang='lat' dir='ltr'><strong>equorum.</strong></span> 
     </span>
    </p>

    <p class='ocr_par' dir='ltr' id='par_1_17' title="bbox 147 900 881 933">
     <span class='ocr_line' id='line_1_18' title="bbox 147 900 881 933; baseline 0 0"><span class='ocrx_word' id='word_1_107' title='bbox 147 900 279 933; x_wconf 86' lang='lat' dir='ltr'><strong>Attulit</strong></span> <span class='ocrx_word' id='word_1_108' title='bbox 296 900 390 933; x_wconf 90' lang='lat' dir='ltr'><strong>hunc</strong></span> <span class='ocrx_word' id='word_1_109' title='bbox 407 900 459 932; x_wconf 88' lang='lat' dir='ltr'><strong>illi</strong></span> <span class='ocrx_word' id='word_1_110' title='bbox 477 900 573 933; x_wconf 83' lang='lat' dir='ltr'><strong>caecis</strong></span> <span class='ocrx_word' id='word_1_111' title='bbox 591 900 778 933; x_wconf 84' lang='lat' dir='ltr'><strong>terroribus</strong></span> <span class='ocrx_word' id='word_1_112' title='bbox 795 911 881 933; x_wconf 83' lang='lat' dir='ltr'><strong>aura</strong></span> 
     </span>
    </p>

    <p class='ocr_par' dir='ltr' id='par_1_18' title="bbox 146 945 1104 990">
     <span class='ocr_line' id='line_1_19' title="bbox 146 945 1104 990; baseline 0 -11"><span class='ocrx_word' id='word_1_113' title='bbox 146 946 381 979; x_wconf 84' lang='lat' dir='ltr'><strong>Commixtum</strong></span> <span class='ocrx_word' id='word_1_114' title='bbox 399 946 592 989; x_wconf 79' lang='lat' dir='ltr'><strong>clamorem,</strong></span> <span class='ocrx_word' id='word_1_115' title='bbox 610 952 829 990; x_wconf 80' lang='lat' dir='ltr'><strong>arrectasque</strong></span> <span class='ocrx_word' id='word_1_116' title='bbox 847 945 988 990; x_wconf 91' lang='lat' dir='ltr'><strong>impulit</strong></span> <span class='ocrx_word' id='word_1_117' title='bbox 1004 957 1104 980; x_wconf 84' lang='lat' dir='ltr'><strong>aures</strong></span> 
     </span>
    </p>

    <p class='ocr_par' dir='ltr' id='par_1_19' title="bbox 145 991 965 1025">
     <span class='ocr_line' id='line_1_20' title="bbox 145 991 965 1025; baseline 0.001 -1"><span class='ocrx_word' id='word_1_118' title='bbox 145 991 303 1025; x_wconf 86' lang='lat' dir='ltr'><strong>Confusae</strong></span> <span class='ocrx_word' id='word_1_119' title='bbox 321 1003 423 1025; x_wconf 85' lang='lat' dir='ltr'><strong>sonus</strong></span> <span class='ocrx_word' id='word_1_120' title='bbox 441 992 534 1025; x_wconf 85' lang='lat' dir='ltr'><strong>urbis</strong></span> <span class='ocrx_word' id='word_1_121' title='bbox 552 996 587 1025; x_wconf 81' lang='lat' dir='ltr'><strong>et</strong></span> <span class='ocrx_word' id='word_1_122' title='bbox 604 991 782 1024; x_wconf 68' lang='lat' dir='ltr'><strong>illaetabile</strong></span> <span class='ocrx_word' id='word_1_123' title='bbox 798 1003 965 1025; x_wconf 87' lang='lat' dir='ltr'><strong>murmur.</strong></span> 
     </span>
    </p>

    <p class='ocr_par' dir='ltr' id='par_1_20' title="bbox 145 1035 1269 1078">
     <span class='ocr_line' id='line_1_21' title="bbox 145 1035 1269 1078; baseline 0.003 -10"><span class='ocrx_word' id='word_1_124' title='bbox 145 1035 243 1068; x_wconf 89' lang='lat' dir='ltr'><strong>“Hei</strong></span> <span class='ocrx_word' id='word_1_125' title='bbox 261 1035 347 1068; x_wconf 89' lang='lat' dir='ltr'><strong>mihi</strong></span> <span class='ocrx_word' id='word_1_126' title='bbox 363 1037 370 1068; x_wconf 89' lang='lat'>!</span> <span class='ocrx_word' id='word_1_127' title='bbox 398 1035 481 1078; x_wconf 89' lang='lat' dir='ltr'><strong>quid</strong></span> <span class='ocrx_word' id='word_1_128' title='bbox 500 1038 598 1067; x_wconf 90' lang='lat' dir='ltr'><strong>tanto</strong></span> <span class='ocrx_word' id='word_1_129' title='bbox 612 1036 799 1068; x_wconf 85' lang='lat' dir='ltr'><strong>turbantur</strong></span> <span class='ocrx_word' id='word_1_130' title='bbox 817 1037 945 1070; x_wconf 84' lang='lat' dir='ltr'><strong>moenia</strong></span> <span class='ocrx_word' id='word_1_131' title='bbox 961 1036 1062 1070; x_wconf 91' lang='lat' dir='ltr'><strong>luctu</strong></span> <span class='ocrx_word' id='word_1_132' title='bbox 1078 1037 1091 1071; x_wconf 69' lang='lat'>2</span> <span class='ocrx_word' id='word_1_133' title='bbox 1204 1038 1269 1071; x_wconf 75' lang='lat'><strong>620</strong></span> 
     </span>
    </p>

    <p class='ocr_par' dir='ltr' id='par_1_21' title="bbox 148 1080 1014 1118">
     <span class='ocr_line' id='line_1_22' title="bbox 148 1080 1014 1118; baseline 0.002 -5"><span class='ocrx_word' id='word_1_134' title='bbox 148 1080 278 1118; x_wconf 86' lang='lat' dir='ltr'><strong>Quisve</strong></span> <span class='ocrx_word' id='word_1_135' title='bbox 292 1081 363 1114; x_wconf 81' lang='lat' dir='ltr'><strong>ruit</strong></span> <span class='ocrx_word' id='word_1_136' title='bbox 381 1084 501 1113; x_wconf 82' lang='lat' dir='ltr'><strong>tantus</strong></span> <span class='ocrx_word' id='word_1_137' title='bbox 519 1080 654 1113; x_wconf 84' lang='lat' dir='ltr'><strong>diversa</strong></span> <span class='ocrx_word' id='word_1_138' title='bbox 672 1081 802 1114; x_wconf 89' lang='lat' dir='ltr'><strong>clamor</strong></span> <span class='ocrx_word' id='word_1_139' title='bbox 819 1081 862 1114; x_wconf 82' lang='lat' dir='ltr'><strong>ab</strong></span> <span class='ocrx_word' id='word_1_140' title='bbox 880 1082 964 1115; x_wconf 81' lang='lat' dir='ltr'><strong>urbe</strong></span> <span class='ocrx_word' id='word_1_141' title='bbox 980 1081 1014 1115; x_wconf 73' lang='lat'><strong>2&#39;’</strong></span> 
     </span>
    </p>

    <p class='ocr_par' dir='ltr' id='par_1_22' title="bbox 144 1123 1007 1169">
     <span class='ocr_line' id='line_1_23' title="bbox 144 1123 1007 1169; baseline 0.002 -12"><span class='ocrx_word' id='word_1_142' title='bbox 144 1123 200 1157; x_wconf 84' lang='lat' dir='ltr'><strong>Sic</strong></span> <span class='ocrx_word' id='word_1_143' title='bbox 217 1124 276 1165; x_wconf 81' lang='lat' dir='ltr'><strong>ait⁷</strong></span> <span class='ocrx_word' id='word_1_144' title='bbox 295 1125 526 1169; x_wconf 81' lang='lat' dir='ltr'><strong>adductisque</strong></span> <span class='ocrx_word' id='word_1_145' title='bbox 543 1137 661 1158; x_wconf 86' lang='lat' dir='ltr'><strong>amens</strong></span> <span class='ocrx_word' id='word_1_146' title='bbox 680 1126 837 1159; x_wconf 81' lang='lat' dir='ltr'><strong>subsistit</strong></span> <span class='ocrx_word' id='word_1_147' title='bbox 854 1125 1007 1160; x_wconf 84' lang='lat' dir='ltr'><strong>habenis.</strong></span> 
     </span>
    </p>

    <p class='ocr_par' dir='ltr' id='par_1_23' title="bbox 144 1169 1070 1214">
     <span class='ocr_line' id='line_1_24' title="bbox 144 1169 1070 1214; baseline 0.003 -11"><span class='ocrx_word' id='word_1_148' title='bbox 144 1169 260 1214; x_wconf 87' lang='lat' dir='ltr'><strong>Atque</strong></span> <span class='ocrx_word' id='word_1_149' title='bbox 277 1170 369 1214; x_wconf 86' lang='lat' dir='ltr'><strong>huic,</strong></span> <span class='ocrx_word' id='word_1_150' title='bbox 388 1171 424 1204; x_wconf 91' lang='lat' dir='ltr'><strong>in</strong></span> <span class='ocrx_word' id='word_1_151' title='bbox 442 1172 567 1204; x_wconf 86' lang='lat' dir='ltr'><strong>faciem</strong></span> <span class='ocrx_word' id='word_1_152' title='bbox 584 1183 676 1204; x_wconf 84' lang='lat' dir='ltr'><strong>soror</strong></span> <span class='ocrx_word' id='word_1_153' title='bbox 693 1175 733 1204; x_wconf 89' lang='lat' dir='ltr'><strong>ut</strong></span> <span class='ocrx_word' id='word_1_154' title='bbox 751 1183 915 1205; x_wconf 87' lang='lat' dir='ltr'><strong>conversa</strong></span> <span class='ocrx_word' id='word_1_155' title='bbox 931 1171 1070 1206; x_wconf 85' lang='lat' dir='ltr'><strong>Metisci</strong></span> 
     </span>
    </p>

    <p class='ocr_par' dir='ltr' id='par_1_24' title="bbox 144 1216 993 1262">
     <span class='ocr_line' id='line_1_25' title="bbox 144 1216 993 1262; baseline 0.005 -14"><span class='ocrx_word' id='word_1_156' title='bbox 144 1216 285 1260; x_wconf 83' lang='lat' dir='ltr'><strong>Aurigae</strong></span> <span class='ocrx_word' id='word_1_157' title='bbox 303 1228 514 1262; x_wconf 86' lang='lat' dir='ltr'><strong>currumque</strong></span> <span class='ocrx_word' id='word_1_158' title='bbox 531 1222 565 1251; x_wconf 89' lang='lat' dir='ltr'><strong>et</strong></span> <span class='ocrx_word' id='word_1_159' title='bbox 579 1229 682 1262; x_wconf 85' lang='lat' dir='ltr'><strong>equos</strong></span> <span class='ocrx_word' id='word_1_160' title='bbox 701 1221 735 1250; x_wconf 89' lang='lat' dir='ltr'><strong>et</strong></span> <span class='ocrx_word' id='word_1_161' title='bbox 752 1218 825 1251; x_wconf 87' lang='lat' dir='ltr'><strong>lora</strong></span> <span class='ocrx_word' id='word_1_162' title='bbox 841 1217 993 1262; x_wconf 87' lang='lat' dir='ltr'><strong>regebat,</strong></span> 
     </span>
    </p>

    <p class='ocr_par' dir='ltr' id='par_1_25' title="bbox 143 1261 1083 1307">
     <span class='ocr_line' id='line_1_26' title="bbox 143 1261 1083 1307; baseline 0.002 -13"><span class='ocrx_word' id='word_1_163' title='bbox 143 1261 284 1295; x_wconf 79' lang='lat' dir='ltr'><strong>Talibus</strong></span> <span class='ocrx_word' id='word_1_164' title='bbox 302 1264 451 1297; x_wconf 81' lang='lat' dir='ltr'><strong>occurrit</strong></span> <span class='ocrx_word' id='word_1_165' title='bbox 469 1265 570 1298; x_wconf 89' lang='lat' dir='ltr'><strong>dictis</strong></span> <span class='ocrx_word' id='word_1_166' title='bbox 587 1276 593 1298; x_wconf 91' lang='lat'>:</span> <span class='ocrx_word' id='word_1_167' title='bbox 618 1264 636 1280; x_wconf 92' lang='lat'><strong>“</strong></span> <span class='ocrx_word' id='word_1_168' title='bbox 653 1264 738 1306; x_wconf 84' lang='lat' dir='ltr'><strong>Hac,</strong></span> <span class='ocrx_word' id='word_1_169' title='bbox 755 1264 879 1306; x_wconf 84' lang='lat' dir='ltr'><strong>Turne,</strong></span> <span class='ocrx_word' id='word_1_170' title='bbox 898 1274 1083 1307; x_wconf 85' lang='lat' dir='ltr'><strong>sequamur</strong></span> 
     </span>
    </p>

    <p class='ocr_par' dir='ltr' id='par_1_26' title="bbox 143 1307 1016 1355">
     <span class='ocr_line' id='line_1_27' title="bbox 143 1307 1016 1355; baseline 0.005 -15"><span class='ocrx_word' id='word_1_171' title='bbox 143 1307 365 1352; x_wconf 83' lang='lat' dir='ltr'><strong>Trojugenas,</strong></span> <span class='ocrx_word' id='word_1_172' title='bbox 384 1321 452 1354; x_wconf 90' lang='lat' dir='ltr'><strong>qua</strong></span> <span class='ocrx_word' id='word_1_173' title='bbox 469 1311 581 1354; x_wconf 86' lang='lat' dir='ltr'><strong>prima</strong></span> <span class='ocrx_word' id='word_1_174' title='bbox 597 1311 690 1345; x_wconf 85' lang='lat' dir='ltr'><strong>viam</strong></span> <span class='ocrx_word' id='word_1_175' title='bbox 708 1311 853 1344; x_wconf 88' lang='lat' dir='ltr'><strong>victoria</strong></span> <span class='ocrx_word' id='word_1_176' title='bbox 869 1311 1016 1355; x_wconf 73' lang='lat' dir='ltr'><strong>pandit5</strong></span> 
     </span>
    </p>

    <p class='ocr_par' dir='ltr' id='par_1_27' title="bbox 143 1353 994 1402">
     <span class='ocr_line' id='line_1_28' title="bbox 143 1353 994 1402; baseline 0.005 -16"><span class='ocrx_word' id='word_1_177' title='bbox 143 1353 233 1387; x_wconf 79' lang='lat' dir='ltr'><strong>Sunt</strong></span> <span class='ocrx_word' id='word_1_178' title='bbox 251 1354 320 1397; x_wconf 86' lang='lat' dir='ltr'><strong>alii,</strong></span> <span class='ocrx_word' id='word_1_179' title='bbox 339 1356 398 1399; x_wconf 88' lang='lat' dir='ltr'><strong>qui</strong></span> <span class='ocrx_word' id='word_1_180' title='bbox 417 1361 510 1390; x_wconf 82' lang='lat' dir='ltr'><strong>tecta</strong></span> <span class='ocrx_word' id='word_1_181' title='bbox 526 1368 634 1390; x_wconf 89' lang='lat' dir='ltr'><strong>manu</strong></span> <span class='ocrx_word' id='word_1_182' title='bbox 651 1357 835 1391; x_wconf 83' lang='lat' dir='ltr'><strong>defendere</strong></span> <span class='ocrx_word' id='word_1_183' title='bbox 852 1357 994 1402; x_wconf 85' lang='lat' dir='ltr'><strong>possint.</strong></span> 
     </span>
    </p>

    <p class='ocr_par' dir='ltr' id='par_1_28' title="bbox 144 1400 911 1447">
     <span class='ocr_line' id='line_1_29' title="bbox 144 1400 911 1447; baseline 0.007 -15"><span class='ocrx_word' id='word_1_184' title='bbox 144 1400 284 1443; x_wconf 81' lang='lat' dir='ltr'><strong>Ingruit</strong></span> <span class='ocrx_word' id='word_1_185' title='bbox 302 1401 429 1435; x_wconf 84' lang='lat' dir='ltr'><strong>AEneas</strong></span> <span class='ocrx_word' id='word_1_186' title='bbox 448 1403 556 1445; x_wconf 79' lang='lat' dir='ltr'><strong>Italis,</strong></span> <span class='ocrx_word' id='word_1_187' title='bbox 575 1407 610 1436; x_wconf 89' lang='lat' dir='ltr'><strong>et</strong></span> <span class='ocrx_word' id='word_1_188' title='bbox 627 1403 748 1447; x_wconf 86' lang='lat' dir='ltr'><strong>proelia</strong></span> <span class='ocrx_word' id='word_1_189' title='bbox 764 1404 886 1437; x_wconf 87' lang='lat' dir='ltr'><strong>miscet</strong></span> <span class='ocrx_word' id='word_1_190' title='bbox 903 1416 911 1444; x_wconf 94' lang='lat'>;</span> 
     </span>
    </p>

    <p class='ocr_par' dir='ltr' id='par_1_29' title="bbox 143 1445 1005 1483">
     <span class='ocr_line' id='line_1_30' title="bbox 143 1445 1005 1483; baseline 0.006 -5"><span class='ocrx_word' id='word_1_191' title='bbox 143 1445 188 1479; x_wconf 89' lang='lat' dir='ltr'><strong>Et</strong></span> <span class='ocrx_word' id='word_1_192' title='bbox 205 1458 266 1479; x_wconf 90' lang='lat' dir='ltr'><strong>nos</strong></span> <span class='ocrx_word' id='word_1_193' title='bbox 283 1458 377 1480; x_wconf 83' lang='lat' dir='ltr'><strong>saeva</strong></span> <span class='ocrx_word' id='word_1_194' title='bbox 393 1459 501 1481; x_wconf 83' lang='lat' dir='ltr'><strong>manu</strong></span> <span class='ocrx_word' id='word_1_195' title='bbox 519 1449 700 1482; x_wconf 84' lang='lat' dir='ltr'><strong>mittamus</strong></span> <span class='ocrx_word' id='word_1_196' title='bbox 718 1450 841 1483; x_wconf 86' lang='lat' dir='ltr'><strong>funera</strong></span> <span class='ocrx_word' id='word_1_197' title='bbox 858 1449 1005 1483; x_wconf 84' lang='lat' dir='ltr'><strong>Teucris.</strong></span> 
     </span>
    </p>

    <p class='ocr_par' dir='ltr' id='par_1_30' title="bbox 142 1492 1259 1539">
     <span class='ocr_line' id='line_1_31' title="bbox 142 1492 1259 1539; baseline 0.005 -15"><span class='ocrx_word' id='word_1_198' title='bbox 142 1492 214 1525; x_wconf 85' lang='lat' dir='ltr'><strong>Nec</strong></span> <span class='ocrx_word' id='word_1_199' title='bbox 231 1504 374 1526; x_wconf 89' lang='lat' dir='ltr'><strong>numero</strong></span> <span class='ocrx_word' id='word_1_200' title='bbox 392 1494 542 1537; x_wconf 87' lang='lat' dir='ltr'><strong>inferior,</strong></span> <span class='ocrx_word' id='word_1_201' title='bbox 560 1507 686 1539; x_wconf 85' lang='lat' dir='ltr'><strong>pugnae</strong></span> <span class='ocrx_word' id='word_1_202' title='bbox 705 1507 767 1529; x_wconf 86' lang='lat' dir='ltr'><strong>nec</strong></span> <span class='ocrx_word' id='word_1_203' title='bbox 785 1496 911 1529; x_wconf 88' lang='lat' dir='ltr'><strong>honore</strong></span> <span class='ocrx_word' id='word_1_204' title='bbox 927 1493 1091 1530; x_wconf 61' lang='lat' dir='ltr'><strong>recedes?</strong></span> <span class='ocrx_word' id='word_1_205' title='bbox 1192 1497 1259 1530; x_wconf 79' lang='lat'><strong>630</strong></span> 
     </span>
    </p>

    <p class='ocr_par' dir='ltr' id='par_1_31' title="bbox 141 1537 453 1573">
     <span class='ocr_line' id='line_1_32' title="bbox 141 1537 453 1573; baseline 0.01 -3"><span class='ocrx_word' id='word_1_206' title='bbox 141 1537 279 1571; x_wconf 84' lang='lat' dir='ltr'><strong>Turnus</strong></span> <span class='ocrx_word' id='word_1_207' title='bbox 296 1539 340 1572; x_wconf 88' lang='lat' dir='ltr'><strong>ad</strong></span> <span class='ocrx_word' id='word_1_208' title='bbox 359 1540 432 1573; x_wconf 83' lang='lat' dir='ltr'><strong>haec</strong></span> <span class='ocrx_word' id='word_1_209' title='bbox 447 1552 453 1573; x_wconf 89' lang='lat'>:</span> 
     </span>
    </p>

    <p class='ocr_par' dir='ltr' id='par_1_32' title="bbox 141 1583 1147 1627">
     <span class='ocr_line' id='line_1_33' title="bbox 141 1583 1147 1627; baseline 0 -11"><span class='ocrx_word' id='word_1_210' title='bbox 141 1585 159 1600; x_wconf 84' lang='lat'>“</span> <span class='ocrx_word' id='word_1_211' title='bbox 175 1585 202 1617; x_wconf 48' lang='lat'><strong>(⁷)</strong></span> <span class='ocrx_word' id='word_1_212' title='bbox 222 1595 322 1626; x_wconf 86' lang='lat' dir='ltr'><strong>soror,</strong></span> <span class='ocrx_word' id='word_1_213' title='bbox 341 1588 376 1617; x_wconf 89' lang='lat' dir='ltr'><strong>et</strong></span> <span class='ocrx_word' id='word_1_214' title='bbox 393 1584 529 1617; x_wconf 90' lang='lat' dir='ltr'><strong>dudum</strong></span> <span class='ocrx_word' id='word_1_215' title='bbox 546 1584 682 1627; x_wconf 80' lang='lat' dir='ltr'><strong>agnovi,</strong></span> <span class='ocrx_word' id='word_1_216' title='bbox 701 1595 810 1627; x_wconf 88' lang='lat' dir='ltr'><strong>quum</strong></span> <span class='ocrx_word' id='word_1_217' title='bbox 827 1583 940 1627; x_wconf 83' lang='lat' dir='ltr'><strong>prima</strong></span> <span class='ocrx_word' id='word_1_218' title='bbox 959 1594 1020 1627; x_wconf 86' lang='lat' dir='ltr'><strong>per</strong></span> <span class='ocrx_word' id='word_1_219' title='bbox 1036 1587 1147 1617; x_wconf 84' lang='lat' dir='ltr'><strong>artem</strong></span> 
     </span>
    </p>

    <p class='ocr_par' dir='ltr' id='par_1_33' title="bbox 142 1627 1004 1675">
     <span class='ocr_line' id='line_1_34' title="bbox 142 1627 1004 1675; baseline 0.008 -15"><span class='ocrx_word' id='word_1_220' title='bbox 142 1627 284 1661; x_wconf 83' lang='lat' dir='ltr'><strong>Foedera</strong></span> <span class='ocrx_word' id='word_1_221' title='bbox 302 1629 460 1673; x_wconf 85' lang='lat' dir='ltr'><strong>turbasti,</strong></span> <span class='ocrx_word' id='word_1_222' title='bbox 480 1636 582 1675; x_wconf 87' lang='lat' dir='ltr'><strong>teque</strong></span> <span class='ocrx_word' id='word_1_223' title='bbox 600 1632 673 1665; x_wconf 78' lang='lat' dir='ltr'><strong>haec</strong></span> <span class='ocrx_word' id='word_1_224' title='bbox 691 1632 727 1665; x_wconf 91' lang='lat' dir='ltr'><strong>in</strong></span> <span class='ocrx_word' id='word_1_225' title='bbox 745 1633 836 1666; x_wconf 89' lang='lat' dir='ltr'><strong>bella</strong></span> <span class='ocrx_word' id='word_1_226' title='bbox 853 1633 979 1667; x_wconf 88' lang='lat' dir='ltr'><strong>dedisti</strong></span> <span class='ocrx_word' id='word_1_227' title='bbox 997 1646 1004 1674; x_wconf 90' lang='lat'><strong>;</strong></span> 
     </span>
    </p>

    <p class='ocr_par' dir='ltr' id='par_1_34' title="bbox 141 1674 1109 1725">
     <span class='ocr_line' id='line_1_35' title="bbox 141 1674 1109 1725; baseline 0.006 -18"><span class='ocrx_word' id='word_1_228' title='bbox 141 1674 185 1707; x_wconf 87' lang='lat' dir='ltr'><strong>Et</strong></span> <span class='ocrx_word' id='word_1_229' title='bbox 203 1685 296 1706; x_wconf 90' lang='lat' dir='ltr'><strong>nunc</strong></span> <span class='ocrx_word' id='word_1_230' title='bbox 313 1677 549 1720; x_wconf 83' lang='lat' dir='ltr'><strong>nequidquam</strong></span> <span class='ocrx_word' id='word_1_231' title='bbox 566 1678 659 1711; x_wconf 86' lang='lat' dir='ltr'><strong>fallis</strong></span> <span class='ocrx_word' id='word_1_232' title='bbox 677 1679 742 1712; x_wconf 88' lang='lat' dir='ltr'><strong>dea</strong></span> <span class='ocrx_word' id='word_1_233' title='bbox 757 1690 763 1712; x_wconf 93' lang='lat'>:</span> <span class='ocrx_word' id='word_1_234' title='bbox 789 1680 847 1712; x_wconf 89' lang='lat' dir='ltr'><strong>sed</strong></span> <span class='ocrx_word' id='word_1_235' title='bbox 866 1680 942 1723; x_wconf 86' lang='lat' dir='ltr'><strong>quis</strong></span> <span class='ocrx_word' id='word_1_236' title='bbox 961 1679 1109 1725; x_wconf 83' lang='lat' dir='ltr'><strong>Olympo</strong></span> 
     </span>
    </p>

    <p class='ocr_par' dir='ltr' id='par_1_35' title="bbox 141 1719 928 1759">
     <span class='ocr_line' id='line_1_36' title="bbox 141 1719 928 1759; baseline 0.009 -7"><span class='ocrx_word' id='word_1_237' title='bbox 141 1719 332 1753; x_wconf 80' lang='lat' dir='ltr'><strong>Demissam</strong></span> <span class='ocrx_word' id='word_1_238' title='bbox 350 1726 465 1755; x_wconf 89' lang='lat' dir='ltr'><strong>tantos</strong></span> <span class='ocrx_word' id='word_1_239' title='bbox 483 1723 594 1757; x_wconf 88' lang='lat' dir='ltr'><strong>voluit</strong></span> <span class='ocrx_word' id='word_1_240' title='bbox 612 1728 646 1757; x_wconf 91' lang='lat' dir='ltr'><strong>te</strong></span> <span class='ocrx_word' id='word_1_241' title='bbox 663 1725 752 1758; x_wconf 85' lang='lat' dir='ltr'><strong>ferre</strong></span> <span class='ocrx_word' id='word_1_242' title='bbox 769 1725 901 1758; x_wconf 89' lang='lat' dir='ltr'><strong>labores</strong></span> <span class='ocrx_word' id='word_1_243' title='bbox 916 1725 928 1759; x_wconf 64' lang='grc' dir='ltr'>ἰ</span> 
     </span>
    </p>

    <p class='ocr_par' dir='ltr' id='par_1_36' title="bbox 138 1765 980 1807">
     <span class='ocr_line' id='line_1_37' title="bbox 138 1765 980 1807; baseline 0.008 -8"><span class='ocrx_word' id='word_1_244' title='bbox 138 1765 196 1800; x_wconf 90' lang='lat' dir='ltr'><strong>An</strong></span> <span class='ocrx_word' id='word_1_245' title='bbox 213 1766 330 1800; x_wconf 66' lang='lat' dir='ltr'><strong>fratris</strong></span> <span class='ocrx_word' id='word_1_246' title='bbox 347 1768 462 1802; x_wconf 85' lang='lat' dir='ltr'><strong>miseri</strong></span> <span class='ocrx_word' id='word_1_247' title='bbox 481 1768 590 1803; x_wconf 88' lang='lat' dir='ltr'><strong>letum</strong></span> <span class='ocrx_word' id='word_1_248' title='bbox 607 1775 647 1804; x_wconf 87' lang='lat' dir='ltr'><strong>ut</strong></span> <span class='ocrx_word' id='word_1_249' title='bbox 665 1771 803 1804; x_wconf 85' lang='lat' dir='ltr'><strong>crudele</strong></span> <span class='ocrx_word' id='word_1_250' title='bbox 821 1772 953 1806; x_wconf 84' lang='lat' dir='ltr'><strong>videres</strong></span> <span class='ocrx_word' id='word_1_251' title='bbox 967 1772 980 1807; x_wconf 67' lang='grc' dir='ltr'><strong>’ἰ</strong></span> 
     </span>
    </p>
   </div>
   <div class='ocr_carea' id='block_1_3' title="bbox 1318 0 1345 1927">
    <p class='ocr_par' dir='ltr' id='par_1_37' title="bbox 1318 0 1345 1927">
     <span class='ocr_line' id='line_1_38' title="bbox 1318 0 1345 1927; baseline 0 0"><span class='ocrx_word' id='word_1_252' title='bbox 1318 0 1345 1927; x_wconf 95' lang='lat' dir='ltr'><strong> </strong></span> 
     </span>
    </p>
   </div>
  </div>
 </body>
</html>
