1330 1932
309 0 395 31 Χ“«

401 74 1193 141 AENEIDostLIB.V11.233

80 152 298 196 Tyrrhenum
314 152 359 186 ad
376 152 541 196 Thybrim
558 156 593 185 et
598 149 715 192 fontis
732 151 822 184 vada
839 161 934 183 sacra
950 150 1100 183 Numici.

79 198 150 231 Dat
165 198 231 231 tibi
247 202 413 241 praeterea
430 198 582 230 fortunae
600 209 708 241 parva
724 197 846 240 prioris

79 243 236 285 Munera,
253 243 418 285 reliquias
434 243 536 285 Troja
552 254 596 275 ex
614 243 756 275 ardente
772 245 937 284 receptas

79 288 156 321 Hoc
172 293 272 331 pater
288 288 455 321 Anchises
471 299 555 321 auro
572 287 704 320 libabat
721 287 765 320 ad
782 298 879 320 aras:

79 333 156 366 Hoc
173 333 304 366 Priami
320 338 498 376 gestamen
515 337 598 376 erat,
617 344 726 376 quum
738 333 821 376 jura
838 331 968 365 vocatis

78 378 175 411 More
192 378 290 412 daret
306 378 452 422 populis,
465 383 707 434 sceptrumque
725 388 886 421 sacerque
903 377 1020 419 tiaras,

77 423 295 467 Iliadumque
315 423 411 457 labor
428 421 566 457 vestesff'

122 469 263 502 Talibus
280 469 404 502 Ilionei
421 469 523 502 dictis
540 469 655 502 defixa
670 469 815 502 Latinus

77 513 213 547 Obtutu
229 518 326 547 tenet
343 526 410 557 ora,
429 514 567 558 soloque
584 514 769 547 immobilis
786 514 905 556 haeret,
1122 514 1190 544 250

76 558 234 592 Intentos
252 560 392 593 volvens
409 560 534 593 oculos.
575 560 647 593 Nec
665 571 819 603 purpura
835 570 951 602 regem

75 603 176 638 Picta
192 610 317 648 movet,
334 617 398 638 nec
416 609 551 649 sceptra
566 610 707 638 movent
724 605 899 637 Priameia
916 607 1067 646 tantum,

76 649 255 690 Quantum
272 651 309 683 in
326 650 497 683 connubio
513 655 606 684 natae
623 650 844 693 thalamoque
861 653 1035 689 moratur;

74 694 122 728 Et
139 696 264 728 veteris
282 696 396 729 Fauni
413 695 522 728 volvit
540 696 602 728 sub
619 699 756 739 pectore
773 700 907 728 sortem.

75 740 182 773 Hunc
199 741 300 773 illum
316 741 398 774 fatis
416 745 561 774 externa
577 741 620 774 ab
638 741 716 774 sede
734 741 928 784 profectum

73 784 239 819 Portendi
257 797 432 829 generum,
450 786 658 829 paribusque
676 787 712 818 in
728 797 836 828 regna
853 785 968 818 vocari

72 830 266 874 Auspiciis3
290 832 373 864 huic
390 832 590 874 progeniem
607 831 738 864 virtute
754 831 913 863 futuram

72 875 269 919 Egregiam,
287 881 322 909 et
339 880 454 909 totum
471 887 548 919 quae
566 876 697 909 viribus
714 880 860 919 occupet
877 874 1002 907 orbem.

73 920 227 954 Tandem
244 921 346 954 laetus
363 921 430 954 ait:
455 923 473 938 “
487 922 532 954 Di
549 929 666 954 nostra
682 921 820 964 incepta
837 921 1035 958 secundent,

70 966 336 1010 Auguriumque
354 968 473 999 suum!
516 966 675 1009 Dabitur,
693 966 848 1009 Trojane,
865 965 959 1008 quod
976 968 1074 1008 optas
1089 975 1095 998 :
1119 966 1186 998 260

70 1010 219 1045 Munera
235 1023 298 1044 nec
315 1023 446 1055 sperno.
487 1011 567 1044 Non
583 1011 688 1054 vobis,
705 1022 785 1054 rege
802 1011 937 1054 Latino,

69 1055 199 1090 Divitis
216 1057 301 1089 uber
317 1057 392 1100 agri
409 1057 561 1099 Trojaeve
578 1057 757 1100 opulentia
775 1056 893 1090 deerit.

71 1101 150 1145 Ipse
165 1102 266 1135 modo
283 1102 420 1145 AEneas,
438 1102 546 1134 nostri
564 1102 592 1134 si
610 1106 712 1135 tanta
728 1102 854 1145 cupido
872 1105 934 1144 est,

69 1146 105 1179 Si
118 1148 223 1190 jungi
239 1147 387 1191 hospitio
404 1151 565 1191 properat
583 1148 762 1191 sociusque
779 1147 903 1190 vocari,

69 1191 243 1226 Adveniat
258 1205 266 1233 ;
283 1193 403 1226 vultus
419 1204 506 1225 neve
523 1193 742 1225 exhorrescat
759 1193 895 1226 amicos.

69 1236 153 1270 Pars
169 1238 257 1270 mihi
274 1238 368 1281 pacis
385 1238 451 1270 erit
468 1238 628 1270 dextram
643 1238 799 1280 tetigisse
816 1237 968 1281 tyranni.

69 1281 138 1315 Vos
155 1287 275 1316 contra
290 1282 364 1326 regi
379 1294 457 1315 mea
473 1294 567 1315 nunc
583 1283 750 1316 mandata
765 1283 899 1316 referte.

68 1327 132 1360 Est
148 1327 236 1360 mihi
252 1332 345 1370 nata,
359 1328 432 1361 viro
449 1328 563 1371 gentis
580 1339 685 1371 quam
696 1329 845 1371 jungere
862 1331 999 1370 nostrae,

67 1372 147 1405 Non
164 1373 277 1425 patrio
295 1384 339 1406 ex
355 1373 462 1416 adyto
479 1377 595 1416 sortes,
611 1384 682 1406 non
698 1373 850 1417 plurima
867 1373 951 1406 coelo

67 1416 225 1451 Monstra
242 1418 380 1451 sinunt:
405 1429 548 1461 generos
565 1419 717 1451 externis
735 1418 839 1451 affore
855 1418 898 1451 ab
915 1418 991 1461 oris,
1116 1418 1184 1452 270

67 1462 145 1496 Hoc
161 1463 261 1496 Latio
278 1467 407 1497 restare
425 1467 566 1506 canunt,
584 1464 644 1507 qui
661 1464 830 1507 sanguine
847 1468 1007 1496 nostrum

66 1507 202 1541 Nomen
219 1509 257 1541 in
274 1513 368 1542 astra
384 1509 508 1542 ferant
549 1509 656 1542 Hunc
672 1509 774 1541 illum
790 1520 939 1566 poscere
943 1509 1019 1542 fata

67 1553 114 1586 Et
129 1565 214 1595 reor,
232 1558 277 1597 et,
298 1554 326 1587 si
344 1554 428 1598 quid
445 1554 518 1588 veri
534 1566 632 1587 mens
648 1558 809 1597 augurat,
827 1552 939 1606 optoJ’

67 1597 154 1631 Haec
170 1599 304 1643 effatus,
319 1611 423 1643 equos
439 1611 583 1632 numero
599 1603 698 1643 pater
715 1599 814 1642 eligit
831 1600 934 1633 omni.

67 1642 215 1677 Stabant
231 1648 284 1678 ter
301 1648 442 1678 centum
458 1645 590 1678 nitidi'
580 1657 618 1678 m
634 1645 844 1689 praesepibus
861 1645 963 1679 altis·

68 1688 235 1722 Omnibus
253 1690 430 1733 extemplo
448 1690 586 1723 Teucris
599 1690 702 1734 jubet
718 1690 838 1723 ordine
855 1690 936 1724 duci

68 1733 236 1769 Instratos
254 1739 344 1769 ostro
361 1735 514 1780 alipedes
530 1736 701 1780 pictisque
717 1735 866 1780 tapetis:
