1345 1927
139 63 207 94 302
449 59 486 94 P.
506 58 709 92 VIRGILII
735 58 949 92 MARONIS

143 127 287 161 AEneam
304 126 394 170 petit
408 138 417 167 ς
441 125 524 160 huic
541 126 656 170 gladio
674 137 803 170 perque
820 136 908 158 aerea
925 127 1013 168 suta,

141 173 207 205 Per
224 172 380 206 tunicam
397 172 612 216 squalentem
630 183 722 214 auro,
741 171 833 204 latus
850 171 970 204 haurit
987 173 1157 215 apertum.

141 219 229 252 Inde
247 218 379 252 Lichan
395 218 486 261 ferit,
504 222 681 251 exsectum
694 219 769 261 jam
785 220 897 249 matre
914 221 1078 260 peremta,

140 264 186 297 Et
204 264 278 306 tibi,
296 263 433 306 Phoebe,
451 275 596 305 sacrum,
615 274 714 296 casus
731 262 876 296 evadere
893 262 974 295 ferri

141 310 240 351 Quod
257 310 358 343 licuit
375 321 489 354 parvo.
538 309 569 342 N
572 320 610 342 ec
627 309 738 352 longe,
756 308 870 342 Cissea
887 308 1014 340 durum

141 355 402 399 Immanemque
420 355 529 398 Gyan,
547 359 737 388 sternentes
754 354 894 398 agmina
911 353 1021 397 clava,

140 401 275 445 Dejecit
293 401 361 434 leto
376 412 383 434 :
408 401 497 433 nihil
514 400 591 433 illos
610 400 771 433 Herculis
789 410 895 441 arma,

140 447 173 480 N
175 458 212 480 ec
230 447 354 480 validae
367 447 489 490 juvere
505 457 639 487 manus,
656 445 860 489 genitorque
877 444 1084 489 Melampus,
1189 444 1258 477 320

140 492 272 525 Alcidae
289 503 409 534 comes,
427 502 537 535 usque
553 502 674 534 graves
691 502 800 534 quum
818 495 910 524 terra
927 490 1058 523 labores

141 537 307 570 Praebuit.
355 538 443 570 Ecce
463 537 586 578 Pharo,
604 547 701 570 voces
719 536 803 568 dum
815 537 930 579 jactat
947 536 1084 578 inertes,

142 583 350 627 Intorquens
362 582 520 626 jaculum
537 582 704 615 clamanti
721 582 812 614 sistit
829 581 866 614 in
883 592 949 614 ore.

141 629 193 661 Tu
211 640 357 672 quoque,
374 628 560 661 flaventem
578 628 690 671 prima
706 627 873 670 lanugine
889 626 999 659 malas

141 674 236 707 Dum
254 674 404 717 sequeris
422 674 576 717 Clytium
594 673 728 715 infelix,
746 683 836 705 nova
852 672 991 715 gaudia,
1009 671 1139 716 Cydon,

141 719 325 753 Dardanea
342 723 471 752 stratus
489 719 622 762 dextra,
641 729 780 751 securus
797 729 962 760 amorum,

143 766 210 806 Qui
222 766 395 808 juvenum
412 765 477 797 tibi
495 775 628 808 semper
645 768 754 806 erant,
771 763 965 796 miserande
977 764 1110 807 jaceres
1124 774 1132 797 :

141 811 188 844 Ni
205 811 354 843 fratrum
372 811 502 854 stipata
519 810 637 843 cohors
654 810 743 842 foret
761 809 870 852 obvia,
889 808 1014 842 Phorci

142 856 336 898 Progenies,
355 862 487 900 septem
504 866 656 896 numero,
675 859 885 899 septenaque
903 854 973 887 tela

144 902 341 945 Conjiciunt
355 913 362 934 ε
388 902 517 945 partim
533 901 634 944 galea
651 901 829 944 clipeoque
845 900 1019 933 resultant
1192 901 1261 934 330

144 947 249 980 Irrita
264 959 271 987 ;
297 947 440 980 deflexit
457 948 585 990 partim
602 947 811 989 stringentia
827 957 951 989 corpus

144 993 246 1025 Alma
264 992 390 1025 Venus.
443 992 570 1024 Fidum
587 992 713 1024 AEneas
730 991 858 1024 affatur
875 991 1033 1024 Achaten
1047 1001 1055 1024 :

147 1038 166 1054 ‘⁴
178 1037 331 1080 Suggerc
349 1037 419 1070 tela
435 1037 638 1070 mihi—non
657 1037 770 1070 ullum
787 1037 931 1071 dextera
949 1039 1078 1070 frustra

146 1082 295 1115 Torserit
313 1083 348 1115 in
369 1082 746 1121 RutuIOS‚-—steterunt
764 1094 839 1127 qua?
857 1083 892 1115 in
910 1093 1047 1127 corpore
1065 1082 1209 1116 Graium

146 1127 262 1161 Iliacis
280 1127 445 1170 campis.”
494 1128 580 1161 Turn
598 1140 761 1172 magnam
779 1128 921 1171 corripit
937 1128 1083 1171 hastam,

145 1170 191 1202 Et
203 1170 312 1213 jacit:
338 1170 400 1203 illa
417 1170 536 1203 volans
554 1171 656 1214 clipei
673 1171 929 1204 transverberat
946 1181 1014 1204 aera

145 1215 300 1258 Maeonis,
319 1219 353 1248 et
371 1215 513 1248 thoraca
531 1216 634 1248 simul
652 1227 732 1249 cum
750 1220 887 1260 pectore
903 1217 1045 1260 rumpit.

147 1261 240 1293 Huic
257 1261 365 1294 frater
383 1261 476 1294 subit
494 1261 654 1304 Alcanor,
671 1262 884 1305 fratremque
900 1267 1061 1295 ruentem

146 1305 327 1339 Sustentat
345 1306 469 1340 dextra
483 1318 490 1340 :
518 1308 663 1351 trajecto
680 1307 785 1340 missa
802 1307 930 1340 lacerto

146 1351 309 1384 Protinus
327 1352 428 1385 hasta
445 1352 549 1395 fugit,
567 1356 749 1396 servatque
766 1357 912 1386 cruenta
928 1356 1083 1387 tenorem
1097 1366 1106 1394 3
1193 1356 1262 1389 340
1322 1371 1323 1379 ¹

146 1397 368 1441 Dexteraque
386 1409 429 1430 ex
447 1398 590 1431 humero
608 1400 722 1431 nervis
739 1398 946 1432 moribunda
963 1399 1139 1443 pependit.

147 1442 235 1475 Tum
252 1443 424 1485 Numitor,
437 1444 556 1487 jaculo
573 1444 691 1477 fratris
709 1444 751 1477 de
769 1449 907 1487 corpore
924 1449 1034 1488 rapto,

147 1487 281 1520 AEnean
298 1489 402 1532 petiit
416 1501 424 1529 ;
450 1489 508 1521 sed
525 1501 594 1522 non
612 1494 646 1522 et
663 1490 767 1533 figere
785 1494 905 1522 contra

147 1533 210 1566 Est
227 1534 374 1577 licitum,
391 1535 579 1578 magnique
596 1535 709 1568 femur
726 1535 931 1579 perstrinxit
949 1535 1102 1570 Achatae.

147 1578 216 1612 Hic
234 1578 390 1622 Curibus,
408 1580 517 1612 fidens
535 1581 697 1624 primaevo
715 1592 862 1624 corpore,
882 1581 1027 1614 Clausus

147 1624 310 1667 Advenit,
329 1629 363 1658 et
379 1625 493 1668 rigida
510 1625 683 1669 Dryopem
701 1626 782 1659 ferit
799 1627 934 1659 eminus
951 1627 1052 1660 hasta

147 1668 218 1702 Sub
235 1674 402 1713 mentum,
421 1671 574 1714 graviter
590 1682 714 1714 pressa,
733 1671 930 1715 pariterque
948 1672 1120 1716 loquentis

149 1714 276 1748 Vocem
293 1716 513 1760 animamque
530 1718 623 1760 rapit
641 1718 785 1760 trajecto
802 1722 946 1761 gutture
960 1729 969 1759 3
993 1721 1031 1751 at
1047 1717 1107 1751 ille
