1345 1927
95 51 162 84 232
401 51 438 86 P.
465 51 667 86 VIRGILII
693 51 907 85 MARONIS

95 114 278 146 Auruncos
295 113 347 147 ita
362 114 450 148 ferre
468 126 572 158 senes,
590 115 645 148 his
663 118 758 150 ortus
775 118 816 148 ut
834 115 926 157 agris

96 158 280 191 Dardanus
299 159 408 193 Idaeas
426 160 586 204 Phrygiae
602 159 794 205 penetrarit
810 160 854 193 ad
871 158 984 202 urbes,
1097 187 1113 201 ,

95 203 363 248 Threiciamque
380 205 533 248 Samum,
550 217 627 250 quae
645 217 738 238 nunc
756 205 995 239 Samothracia
1010 203 1132 237 fertur.

97 248 191 282 Hinc
207 249 309 283 illum
327 250 469 294 Corythi
482 251 661 294 Tyrrhena
677 251 721 284 ab
738 251 816 284 sede
834 250 1028 294 profectum

95 294 212 328 Aurea
228 306 322 329 nunc
339 296 422 330 solio
439 296 612 330 stellantis
628 296 723 339 regia
741 296 817 329 coeli
1147 295 1215 327 210

96 339 245 383 Accipit,
262 345 297 372 et
314 351 496 372 numerum
514 340 674 373 divorum
691 338 860 373 altaribus
877 338 1007 372 addit.”

142 384 299 418 Dixerat.
349 385 395 417 Et
413 385 508 418 dicta
527 385 680 418 Ilioneus
698 385 746 418 sic
763 395 844 417 voce
861 388 1021 418 secutus:

95 430 115 447 “
128 429 214 471 Rex,
257 441 342 462 enus
360 431 539 473 egregium
558 430 681 472 Fauni,
698 441 762 462 nec
778 429 944 462 fluctibus
960 434 1057 462 actos

96 471 184 504 Atra
201 483 241 504 su
266 472 339 515 egit
356 473 465 506 hiems
482 473 604 506 vestris
622 473 804 506 succedere
821 474 931 516 terris,

97 516 169 550 Nec
187 517 281 550 sidus
298 519 437 561 regione
455 518 519 551 viae
537 518 664 551 litusve
680 518 807 551 fefellit
822 530 829 551 :

97 562 245 596 Consilio
262 563 353 596 hanc
370 574 486 596 omnes
504 563 699 606 animisque
716 563 912 596 volentibus
929 563 1050 597 urbem

96 607 294 651 Afferimur,
314 608 407 652 pulsi
423 608 548 651 regnis,
566 618 644 651 quae
660 609 815 642 maxima
832 609 1007 652 quondam

95 652 262 686 Extremo
279 654 421 686 veniens
439 653 496 687 Sol
513 653 702 698 aspiciebat
720 654 876 698 Olympo.

97 698 151 731 Ab
168 699 257 732 Jove
274 699 484 743 principium
501 699 635 742 generis
650 712 658 740 ;
683 700 772 733 Jove
789 700 953 733 Dardana
968 699 1077 744 pubes

98 744 235 777 Gaudet
251 756 316 778 avo
330 756 336 778 :
363 745 439 778 Rex
455 745 539 789 ipse,
552 745 577 778 J
579 745 652 778 ovis
669 745 712 778 de
729 750 833 789 gente
851 756 1021 790 suprema,
1147 747 1215 778 220

97 789 221 823 Troius
237 790 365 823 AEneas
383 794 444 824 tua
461 802 522 824 nos
539 791 584 824 ad
602 790 724 824 limina
739 791 845 824 misit.

98 835 239 876 Quanta
255 847 316 880 per
333 836 440 869 Idaeos
458 836 556 869 saevis
573 836 681 870 effusa
698 837 856 880 Mycenis

97 881 297 925 Tempestas
313 881 392 914 ierit
409 893 548 925 campos
563 895 570 923 ;
596 882 720 926 quibus
737 887 836 916 actus
852 886 1000 926 uterque

97 926 244 970 Europa·
262 934 368 970 atque
385 927 476 961 Asiae
493 928 576 961 fatis
593 928 806 961 concurrerit
822 927 912 961 orbis
926 940 933 961 :

97 971 232 1015 Audiit,
249 976 284 1006 et
301 973 330 1005 si
347 984 450 1016 quem
468 973 572 1006 tellus
589 978 745 1007 extrema
761 974 877 1006 refuso

97 1017 287 1051 Submovet
305 1018 450 1061 Oceano,
467 1023 503 1051 et
520 1019 548 1051 si
566 1030 668 1062 quem
687 1023 830 1052 extenta
847 1019 1031 1063 plagarum

99 1063 257 1104 Quatuor
273 1064 310 1097 in
327 1064 440 1097 medio
458 1064 592 1097 dirimit
609 1065 714 1108 plaga
731 1064 819 1099 Solis
835 1065 959 1107 iniqui„

98 1108 240 1142 Diluvio
257 1120 300 1142 ex
318 1109 378 1142 illo
394 1114 448 1143 tot
465 1114 563 1142 vasta
581 1121 641 1153 per
658 1121 797 1153 aequora
814 1111 906 1143 vecti

97 1154 160 1188 Dis
178 1155 292 1187 sedem
309 1155 474 1198 exiguam
491 1155 614 1198 patriis
631 1155 784 1199 litusque
799 1166 962 1198 rogamus

98 1199 304 1242 Innocuum7
316 1204 351 1234 et
365 1201 500 1234 cunctis
518 1200 717 1245 undamque
733 1212 924 1244 auramque
941 1204 1129 1245 patentem.
1147 1202 1216 1234 230

97 1245 131 1278 N
132 1257 176 1278 on
193 1246 321 1279 erimus
337 1257 444 1289 regno
461 1245 654 1280 indecores:
679 1257 743 1279 nec
760 1251 875 1280 vestra
891 1247 1024 1280 feretur

98 1290 207 1324 Fama
223 1291 318 1334 levis,
336 1291 471 1324 tantive
487 1290 658 1325 abolescet
674 1292 789 1335 gratia
804 1292 891 1325 facti
905 1305 914 1332 ;

97 1336 130 1369 N
133 1348 170 1369 ec
188 1337 326 1380 Trojam
344 1337 514 1370 Ausonios
531 1337 661 1380 gremio
679 1338 853 1382 excepisse
869 1337 1011 1381 pigebit.

98 1382 187 1415 Fata
204 1394 265 1426 per
281 1382 400 1415 AEneae
412 1383 503 1425 juro,
521 1383 749 1426 dextramque
767 1387 954 1426 potentem,

98 1427 178 1461 Sive
194 1428 271 1470 fide,
290 1439 350 1461 seu
367 1428 443 1472 quis
460 1427 550 1462 bello
568 1433 620 1462 est
636 1433 801 1472 expertus
818 1432 853 1462 et
870 1429 993 1468 armis3

98 1473 207 1506 Multi
222 1485 284 1506 nos
301 1473 430 1517 populi,
448 1474 661 1507 multze-ne
678 1479 804 1517 temne,
821 1474 914 1518 quod
930 1473 1023 1507 ultro

97 1519 318 1552 Praeferimus
334 1518 496 1552 manibus
513 1520 620 1553 vittas
637 1531 677 1553 ac
694 1519 799 1553 verba
814 1520 1041 1563 precantia—

97 1563 144 1597 Et
161 1564 290 1608 petiere
308 1564 372 1597 sibi
390 1568 425 1597 et
442 1564 580 1598 voluere
597 1565 787 1609 adjungere
803 1569 934 1608 gentes.

98 1609 165 1644 Sed
182 1621 243 1643 nos
260 1610 335 1643 fata
352 1610 455 1643 deum
472 1614 603 1643 vestras
621 1612 801 1654 exquirere
818 1614 926 1643 terras

98 1655 257 1699 Imperiis
275 1667 375 1698 egere
393 1655 472 1689 suis.
515 1655 609 1689 Hinc
626 1656 812 1689 Dardanus
829 1660 947 1689 ortus:
1147 1656 1215 1688 240

99 1700 180 1734 Huc
196 1702 334 1745 repetit,
347 1701 522 1746 jussisque
538 1701 741 1746 ingentibus
757 1706 861 1746 urget
877 1700 1002 1745 Apollo
