1345 1927
149 96 214 126 25³2
447 95 482 129 P.
511 97 715 138 VIRGILII
740 99 965 135 MARONIS‘

149 168 231 202 “Tu
248 172 365 203 tamen
381 170 513 204 interea
531 171 640 205 calido
657 171 744 205 mihi
761 172 932 215 sanguine
950 181 1068 215 poenas

149 213 325 248 Persolves
342 215 553 259 amborum‚”
572 218 686 262 inquit
703 230 709 250 :
736 218 841 250 simul
859 228 939 250 ense
955 216 1087 250 recluso

152 257 230 291 Ibat
247 259 283 292 in
302 259 500 303 Euryalum.
549 263 636 296 Tum
654 275 732 297 vero
749 264 944 305 exterritus,
961 274 1089 305 amens,

151 303 350 340 Conclamat
368 306 472 340 Nisus
489 321 496 348 ;
522 319 584 342 nec
602 321 636 342 se
653 309 762 342 celare
780 309 929 342 tenebris

149 348 318 394 Amplius,
336 356 399 385 aut
415 356 555 386 tantum
573 355 689 398 potuit
706 355 854 398 perferre
872 354 1043 387 dolorem:

149 398 168 413 “
180 397 248 439 Me,
264 398 509 440 me,—adsum,
528 399 587 442 qui
605 399 766 442 feci,—in
784 410 839 432 me
856 399 1049 434 convertite
1067 398 1206 441 ferrum,

151 442 179 476 Ο
199 443 323 477 Rutuli
338 446 344 478 ἔ
371 455 447 477 mea
465 444 559 477 fraus
577 445 686 477 omnis
702 457 709 484 ;
736 445 825 478 nihil
843 446 908 478 iste
924 456 988 478 nec
1006 455 1121 487 ausus,

150 488 223 522 Nec
236 489 354 534 potuit
368 501 374 522 :
401 489 526 522 coelum
544 489 608 522 hoc
625 494 660 523 et
677 491 814 524 conscia
833 491 946 524 sidera
963 489 1105 524 testor.'’

149 532 302 566 Tantum
319 532 493 565 infelicem
509 532 658 565 nimium
675 532 800 566 dilexit
816 533 975 566 amicum.
1197 533 1266 566 430

150 577 248 611 Talia
264 577 359 610 dicta
377 577 482 610 dabat
497 589 503 610 z
530 578 588 610 sed
606 577 737 611 viribus
754 579 844 610 ensis
861 578 1005 612 adactus

150 623 348 656 Transabiit
365 626 486 663 costas,
504 626 539 656 et
556 623 704 656 candida
720 627 859 667 pectora
875 624 1017 667 rumpit.

152 668 313 702 Volvitur
330 668 502 711 Euryalus
519 668 598 711 leto,
616 668 848 712 pulchrosque
864 680 926 713 per
942 673 1039 702 artus

153 714 187 747 It
204 725 312 757 cruor,
330 714 436 758 inque
452 714 613 747 humeros
630 714 747 747 cervix
765 714 916 758 collapsa
931 713 1102 747 recumbit
1116 724 1125 748 ι

153 760 352 804 Purpureus
369 759 479 793 veluti
496 771 605 804 quum
622 759 692 802 fios,
710 760 862 793 succisus
879 764 1003 803 aratro,

153 805 362 849 Languescit
377 805 526 838 moriens
540 817 547 838 ι
572 805 703 839 lassove
720 816 894 849 papavera
911 805 997 839 collo

152 851 327 885 Demisere
344 855 460 894 caput,
478 851 598 895 pluvia
615 862 723 895 quum
739 851 829 884 forte
845 855 1046 894 gravantur.

155 896 201 930 At
217 897 322 929 Nisus
337 896 410 929 ruit
426 896 463 929 in
481 896 619 937 medios,
638 896 818 939 solumque
835 907 895 940 per
912 907 1029 930 omnes

154 942 373 976 Volscentem
389 942 479 985 petit
494 954 502 982 3
526 942 562 974 in
581 941 650 975 solo
668 941 851 974 Volscente
868 946 1032 975 moratur.

154 987 264 1029 Quem
299 988 430 1021 circum
469 987 653 1031 glomerati
692 986 814 1030 hostes,
848 987 930 1021 hinc
970 987 1126 1020 cominus
1165 989 1272 1030 atque

245 1033 328 1066 hinc
1204 1033 1273 1065 440

155 1078 376 1113 Proturbant.
425 1078 540 1112 Instat
556 1089 626 1111 non
644 1080 763 1121 secius,
780 1089 820 1112 ac
837 1082 930 1112 rotat
946 1089 1063 1112 ensem

156 1125 379 1158 Fulmineum
394 1137 402 1165 ;
427 1125 535 1157 donec
554 1123 678 1156 Rutuli
695 1124 878 1157 clamantis
895 1124 931 1157 in
948 1135 1006 1157 ore

157 1170 319 1204 Condidit
336 1170 487 1209 adverso,
505 1174 540 1202 et
556 1169 705 1203 moriens
722 1169 875 1202 animam
891 1169 1037 1202 abstulit
1053 1169 1155 1204 hosti.

156 1216 245 1249 Tum
263 1227 365 1260 super
381 1215 577 1249 exanimem
595 1226 666 1248 sese
682 1215 827 1259 projecit
845 1215 995 1248 amicum

157 1261 349 1304 Confossus,
366 1261 572 1305 placidaque
589 1260 636 1293 ibi
654 1261 794 1294 demum
810 1265 920 1294 morte
938 1260 1081 1304 quievit.

204 1307 389 1340 Fortunati
406 1307 507 1340 ambo
522 1308 528 1339 !
556 1306 584 1339 si
601 1306 686 1349 quid
703 1318 781 1339 mea
797 1307 952 1339 carmina
968 1309 1122 1350 possunt,

158 1353 266 1386 Nulla
283 1353 354 1386 dies
371 1363 527 1396 unquam
543 1352 685 1385 memori
702 1363 761 1385 vos
778 1352 908 1385 eximet
925 1363 996 1385 aevo
1011 1364 1020 1392 3

158 1398 253 1432 Dum
271 1398 392 1432 domus
408 1398 530 1431 AEneae
549 1397 698 1441 Capitoli
717 1397 891 1430 immobile
909 1409 1034 1430 saxum

160 1444 310 1486 Accolet,
329 1444 581 1488 imperiumque
597 1447 697 1486 pater
715 1443 890 1476 Romanus
907 1442 1058 1477 habebit.
1203 1460 1212 1468 ·

209 1490 364 1523 Victores
381 1489 498 1534 praeda
516 1488 639 1521 Rutuli
657 1489 842 1532 spoliisque
859 1489 972 1532 potiti,
1210 1489 1279 1521 450

162 1535 382 1568 Volscentem
398 1535 599 1568 exanimum
616 1534 737 1567 flentes
755 1534 791 1566 in
809 1538 920 1567 castra
936 1533 1102 1568 ferebant.
1320 1535 1322 1541 '

161 1581 195 1614 N
197 1592 234 1614 ec
250 1581 362 1614 minor
379 1581 415 1613 in
433 1580 553 1614 castris
570 1580 695 1622 luctus,
715 1580 909 1613 Rhamnete
925 1583 1060 1624 reperto

163 1626 353 1670 Exsangui,
371 1630 406 1659 et
422 1626 543 1670 primis
560 1637 631 1659 una
647 1629 700 1658 tot
717 1625 810 1658 caede
826 1625 999 1669 peremtis,

163 1671 378 1716 Serranoque
395 1672 588 1715 Numaque.
637 1671 765 1714 Ingens
782 1681 968 1704 concursus
984 1669 1028 1703 ad
1044 1669 1120 1714 ipsa.

165 1717 323 1760 Corpora,
341 1718 593 1760 seminecesque
610 1717 709 1758 viros,
727 1716 914 1760 tepidaque
930 1719 1103 1748 recentem

166 1762 266 1796 Caede
282 1762 406 1806 locum,
423 1767 458 1796 et
474 1763 593 1807 plenos
611 1762 788 1807 spumanti
805 1761 974 1805 sanguine
989 1761 1089 1795 rivos
