1345 1927
119 60 186 92 328
418 58 456 92 Ρ.
485 58 688 92 VIRGILII
714 59 930 93 MARONIS

118 124 152 157 N
155 135 222 157 unc
238 124 332 166 adeo,
351 136 426 168 quae
445 126 490 158 sit
506 125 620 159 dubiae
637 127 810 160 sententia
825 128 945 169 menti,

118 169 323 213 Expediam,
341 175 375 204 et
392 171 690 215 paucis—animos
708 172 1054 207 adhibete—docebo.

118 214 183 248 Est
199 215 366 259 antiquus
383 226 464 260 ager
482 216 591 250 Tusco
607 217 694 250 mihi
711 218 890 262 proximus
907 218 1012 261 amni,
1028 233 1032 237 ·

119 259 257 304 Longus
274 261 311 294 in
328 272 496 304 occasum,
513 261 598 295 fines
617 274 718 306 super
735 274 844 306 usque
861 263 1001 297 Sicanos
1015 275 1025 304 3

119 306 277 340 Aurunci
295 306 487 351 Rutulique
505 312 633 351 serunt,
652 313 686 341 et
705 320 836 342 vomere
854 309 956 342 duros

119 350 294 385 Exercent
311 352 422 394 collem
439 356 546 396 atque
563 352 686 386 horum
703 354 890 398 asperrima
907 357 1064 398 pascunt.

120 396 206 430 Haec
223 397 332 431 omnis
348 398 451 441 regio,
469 402 504 431 et
521 398 603 431 celsi
619 398 723 442 plaga
740 400 843 442 pinea
859 400 997 443 montis,
1168 399 1238 433 320

121 442 228 476 Cedat
245 443 406 476 amicitia:-
424 443 633 487 Teucrorum
647 457 656 485 3
681 448 715 477 et
732 445 868 478 foederis
886 456 1002 488 aequas

120 487 286 521 Dicamus
303 488 405 532 leges,
423 489 596 532 sociosque
614 489 650 521 in
667 501 774 533 regna
792 501 951 524 vocemus
965 503 974 531 3

121 533 320 575 Considant,
339 534 366 566 si
384 538 504 567 tantus
521 545 625 577 amor,
644 539 679 568 et
695 535 823 569 moenia
840 535 1001 570 condant.

121 578 182 612 Sin
200 579 284 612 alios
301 579 386 612 fines
404 579 577 623 aliamque
595 587 768 623 'capessere
786 585 926 624 gentem

121 624 185 657 Est
201 625 349 667 animus,
366 629 583 668 poscuntque
601 625 670 658 solo
688 625 852 659 decedere
868 630 984 660 nostro
998 638 1008 668 ς

120 669 181 702 Bis
199 670 304 703 denas
323 670 413 703 Italo
430 674 590 704 texamus
607 671 725 704 robore
742 683 858 714 naves,
881 674 885 677 ’

121 714 190 748 Seu
207 715 322 759 plures
340 715 510 760 complere
527 716 645 749 valent
659 729 666 750 ε
687 718 782 760 Jacet
799 717 910 750 omnis
926 717 971 750 ad
988 717 1120 751 undam

122 760 287 794 Materies
301 773 308 795 :
333 761 399 805 ipsi
416 772 668 806 numerumque
685 762 896 806 modumque
912 763 1040 796 carinis

122 805 334 850 Praecipiant
349 819 357 847 ;
382 818 442 840 nos
461 818 539 849 aera,
556 818 690 850 manus,
708 808 847 841 navalia
864 808 993 844 demus.

123 850 304 895 Praeterea,
323 852 383 896 qui
400 852 495 885 dicta
511 853 626 886 ferant
644 857 678 886 et
694 853 824 886 foedera
841 853 989 896 firment,
1171 853 1242 887 330

123 897 271 930 Centum
289 902 437 931 oratores
454 898 567 941 prima
584 898 626 931 de
643 902 747 941 gente
765 898 906 932 Latinos

123 942 178 976 Ire
195 943 319 986 placet,
337 943 499 987 pacisque
516 954 624 976 manu
640 943 853 987 praetendere
869 955 981 977 ramos
995 956 1005 985 ;

123 988 272 1022 Munera
289 992 466 1032 portantes
483 989 627 1032 aurique
645 989 825 1032 eborisque
842 989 976 1022 talenta

123 1033 170 1066 Et
187 1033 307 1067 sellam
323 1034 421 1077 regni
438 1034 662 1078 trabeamque
679 1035 830 1078 insignia
847 1035 965 1068 nostri.

125 1078 300 1112 Consulite
318 1079 355 1112 in
372 1079 535 1122 medium,
554 1083 588 1113 et
604 1079 706 1113 rebus
724 1081 913 1113 succurrite
929 1076 1060 1114 fessis.”

170 1125 258 1157 Tum
276 1125 438 1168 Drances,
457 1125 549 1158 idem
565 1125 732 1168 infensus,
750 1137 853 1169 quem
869 1125 979 1168 gloria
996 1125 1106 1159 Turni

125 1170 275 1214 Obliqua
292 1170 426 1204 invidia
443 1170 661 1214 stimulisque
678 1171 836 1214 agitabat
853 1171 989 1214 amaris,

125 1215 258 1259 Largus
275 1227 380 1260 opum
397 1220 432 1249 et
449 1216 571 1259 lingua
587 1216 718 1259 melior,
737 1217 795 1250 sed
812 1216 941 1260 frigida
957 1216 1047 1250 bello

125 1261 288 1304 Dextera,
306 1261 457 1294 consiliis
474 1261 615 1295 habitus
632 1273 701 1295 non
717 1262 830 1295 futilis
848 1266 979 1305 auctor,

126 1306 302 1340 Seditione
319 1311 598 1351 potens—genus
616 1307 698 1341 huic
714 1312 873 1341 materna
890 1306 1077 1352 superbum
1176 1308 1244 1340 340

126 1352 300 1386 Nobilitas
317 1352 432 1395 dabat,
450 1353 623 1386 incertum
640 1353 682 1386 de
699 1357 798 1397 patre
815 1353 995 1386 ferebat—-

128 1397 257 1441 Surgit,
275 1402 310 1431 et
327 1398 380 1430 his
398 1402 519 1432 onerat
536 1398 638 1432 dictis
655 1402 760 1443 atque
778 1403 921 1442 aggerat
939 1399 1028 1432 iras:

174 1444 291 1477 “Rem
308 1444 398 1477 nulli
417 1444 609 1487 obscuram,
627 1450 751 1477 nostrae
770 1454 832 1476 nec
850 1445 941 1476 vocis
959 1446 1129 1487 egentem,

129 1485 295 1528 Consulis,
314 1497 333 1518 o
350 1486 437 1519 bone
454 1498 524 1520 rex.
575 1487 700 1520 Cuncti
718 1499 752 1520 se
770 1488 855 1520 scire
871 1487 1038 1530 fatentur,

130 1530 222 1571 Quid
238 1530 381 1564 fortuna
397 1531 487 1565 ferat
504 1532 625 1576 populi
641 1545 649 1573 ;
674 1532 733 1566 sed
751 1533 863 1566 dicere
879 1536 1045 1566 mussant.

129 1575 199 1609 Det
216 1575 414 1610 libertatem
430 1577 539 1620 fandi,
557 1578 730 1621 flatusque
746 1578 914 1621 remittat,

130 1620 237 1664 Cujus
255 1621 296 1655 ob
313 1622 509 1666 auspicium
526 1623 719 1656 infaustum
736 1635 914 1667 moresque
932 1623 1136 1657 sinistros—-

129 1666 254 1699 Dicam
271 1667 441 1710 equidem,
458 1668 539 1701 licet
557 1679 652 1702 anna
668 1668 755 1701 mihi
772 1674 986 1711 mortemque
1002 1669 1201 1702 minetur—

129 1710 279 1746 Lumina
295 1716 348 1746 tot
365 1713 525 1748 cecidisse
543 1713 683 1758 dueum,
700 1717 879 1759 totamque
896 1714 1053 1748 videmus
