1345 1927
81 56 150 88 214
393 52 429 86 Ρ.
457 51 660 85 VIRGILII
686 51 901 86 MARONIS

84 121 155 153 Ceu
172 119 347 163 quondam
363 119 494 164 petiere
510 124 602 152 rates
616 131 625 160 ;
650 130 729 163 pars
746 119 867 152 tollere
883 118 1015 153 vooem'

83 165 277 209 Exiguam:
301 165 462 209 inceptus
479 164 606 198 clamor
623 165 814 197 frustratur
830 164 976 198 hiantes.
1085 197 1102 208 n

129 211 246 254 Atque
263 210 320 244 hic
338 210 537 244 Priamiden
550 209 724 243 laniatum
741 220 881 253 corpore
898 213 972 243 toto

82 255 305 300 Deiphobum
322 256 420 299 vidit,
438 255 590 289 lacerum
607 255 794 288 crudeliter
809 266 879 298 ora,

83 301 153 336 Ora
168 313 361 346 manusque
378 301 506 343 ambas,
524 300 762 345 populataque
779 304 936 344 tempora
951 300 1062 345 raptis

82 346 245 390 Auribus,
263 351 298 381 et
314 351 456 380 truncas
473 346 655 380 inhonesto
673 346 815 379 vulnere
833 356 942 379 nares.

83 392 154 426 Vix
171 392 256 426 adeo
273 393 416 437 agnovit
432 392 660 436 pavitantem,
677 395 713 424 et
730 391 806 424 dira
822 395 1000 434 tegentem

82 437 262 515 quplicia
276 451 284 479 ;
309 442 345 472 et
362 438 453 488 notis
470 437 655 481 compellat
672 436 814 470 vocibus
831 436 924 487 ultro
939 448 945 469 :
1090 481 1097 488 Ι

85 483 105 499 “
149 482 296 524 e‘iphobe
312 484 533 524 armlpoteUS‚
546 490 655 522 genus
671 479 743 513 alto
759 490 781 513 a
797 490 965 523 sangiune
977 479 1108 523 Teucri,
1127 483 1201 516 500

84 522 168 562 Quis
186 527 259 555 tam
276 522 431 556 crudeles
448 523 583 567 optavit
601 534 734 557 sumere
751 535 869 567 poenas
883 523 896 558 Ἰ

83 567 146 600 Cui
163 571 304 601 tantum
321 568 363 601 de
380 571 415 601 te
430 567 532 601 licuit
546 567 558 601 ’.ἱ
598 567 689 601 Mihi
706 568 800 602 fama
816 581 977 614 suprema

81 612 192 646 Nocte
209 613 294 647 tulit
309 613 441 647 fessum
458 617 557 647 vasta
574 616 609 646 te
626 613 719 647 caede
737 613 923 658 Pelasgum

81 657 308 692 Procubuisse
325 670 428 703 super
444 659 595 693 confusae
615 659 740 702 stragis
757 671 929 694 acervum.

80 703 178 737 Tune
195 710 331 748 egomet
347 704 524 738 tumulum
543 704 686 738 Rhoeteo
703 705 740 737 in
757 705 857 738 litore
873 706 1014 740 inanem

80 749 264 793 Constitui,
282 754 317 784 et
333 761 462 793 magna
477 761 595 783 manes
613 755 665 783 ter
682 761 764 784 voce
781 751 910 785 vocavi.

79 795 215 828 Nomen
232 800 267 829 et
284 807 380 829 arma
397 795 511 829 locum
528 800 667 829 servant
682 808 688 829 :
715 799 761 839 te,
779 797 898 838 amice,
915 797 1059 842 nequivi

82 839 293 883 Compicere,
311 845 345 874 et
362 842 475 884 patria
492 841 658 875 decedens
676 852 798 886 ponere
817 841 946 875 terra.”

80 884 135 917 Ad
154 897 230 927 quae
249 886 438 920 Priamides
455 899 462 920 z
488 887 615 920 “Nihil
633 898 652 920 o
668 886 733 920 tibi
750 887 860 920 amice
876 886 1038 921 relictum
1056 900 1066 928 ;

79 927 205 961 Omnia
221 928 402 973 Deiphobo
419 928 552 962 solvisti
569 934 604 962 et
620 929 751 962 funeris
768 929 909 964 umbris.
1128 935 1196 966 510

76 972 143 1006 Sed
160 985 215 1007 me
231 974 305 1008 fata
321 985 399 1008 mea
415 978 451 1008 et
468 974 577 1008 scelus
595 974 737 1008 exitiale
754 974 906 1009 Lacaenae

76 1018 143 1052 His
159 1030 307 1054 mersere
323 1020 423 1054 malis
438 1032 445 1054 :
470 1020 533 1053 illa
549 1020 623 1053 haec
640 1025 866 1054 monumenta
883 1021 1035 1065 reliquit.

75 1063 245 1109 Namque,
262 1069 304 1099 ut
320 1077 516 1110 supremam
533 1066 621 1099 falsa
637 1065 729 1099 inter
744 1066 874 1109 gaudia
890 1072 1028 1101 noctem

74 1109 266 1154 Egerimus,
283 1112 375 1144 nosti
389 1124 397 1152 ;
422 1115 457 1145 et
474 1111 622 1144 nimium
639 1111 834 1145 meminisse
852 1123 988 1146 necesse
1005 1117 1066 1148 est.

76 1156 192 1197 Quum
208 1157 326 1190 fatalis
343 1168 454 1200 equus
472 1157 564 1190 saltu
581 1168 684 1200 super
701 1156 811 1190 ardua
827 1158 923 1191 venit

74 1201 252 1246 Pergama,
271 1206 306 1236 et
323 1206 497 1236 armatum
514 1202 667 1246 peditem
683 1202 798 1245 gravis
815 1203 937 1236 attulit
954 1203 1031 1238 alvo
1045 1216 1053 1239 ε

74 1247 152 1291 Illa,
171 1248 315 1282 chorum
332 1247 509 1290 simulans,
527 1251 668 1281 evantes
685 1248 781 1291 orgia
798 1248 929 1282 circum

72 1293 231 1327 Ducebat
248 1294 439 1337 Phrygias;
463 1293 640 1327 flammam
656 1293 771 1327 media
787 1294 863 1338 ipsa
881 1293 1021 1329 tenebat

73 1339 270 1383 Ingentem,
287 1344 323 1373 et
340 1351 475 1373 summa
492 1339 631 1372 Danaos
649 1350 692 1372 ex
709 1350 787 1373 arce
804 1339 958 1374 vocabat.

71 1385 161 1418 Tum
177 1397 242 1428 me,
260 1385 457 1418 confectum
474 1385 564 1418 curis
582 1396 768 1429 somnoque
786 1390 979 1429 gravatum,
1122 1389 1190 1421 520

72 1431 202 1465 Infelix
220 1431 345 1465 habuit
363 1430 549 1473 thalamus,
566 1430 758 1474 pressitque
771 1432 948 1473 jacentem

71 1477 192 1510 Dulcis
209 1480 244 1510 et
260 1477 333 1510 alta
350 1476 447 1520 quies
464 1476 678 1520 placidaeque
696 1476 874 1510 simillima
889 1477 1003 1512 morti.

72 1522 221 1566 Egregia
237 1523 370 1556 interea
387 1523 514 1566 conjux
533 1533 628 1556 arma
644 1522 760 1555 omnia
776 1523 878 1556 tectis

70 1567 225 1610 Emovet,
243 1572 279 1602 et
294 1568 404 1601 fidum
421 1568 529 1612 capiti
546 1567 759 1601 subduxerat
776 1579 912 1609 ensem;

71 1615 171 1647 Intra
187 1618 281 1647 tecta
298 1618 398 1648 vocat
415 1613 625 1655 Menelaum,
644 1616 679 1646 et
695 1612 817 1647 limina
833 1612 979 1657 pandit:

70 1659 209 1693 Scilicet
225 1660 262 1693 id
278 1671 446 1703 magnum
463 1670 603 1703 sperans
620 1659 692 1692 fore
708 1670 836 1692 munus
853 1659 995 1702 amanti,

69 1705 116 1740 Et
133 1706 262 1739 famam
279 1705 460 1750 exstingui
476 1709 633 1740 veterum
650 1704 698 1738 sic
714 1716 812 1749 posse
827 1704 1007 1739 malorum.
