1330 1932
440 54 659 89 AENEIDOS
683 54 770 88 LIB.
797 54 837 87 V.
1130 52 1196 82 195

87 115 204 150 “Nate
221 116 294 158 dea,
313 128 380 160 quo
396 117 470 153 fata
487 117 633 150 trahunt
651 116 910 159 retrahuntque‚
930 126 1114 158 sequamur
1129 127 1136 148 ε

83 159 263 202 Quidquid
281 161 355 201 erit,
374 162 567 205 superanda
583 162 694 194 omnis
710 161 851 194 fortuna
867 161 1008 194 ferendo
1025 165 1086 194 est.
1129 160 1194 192 710

82 205 146 238 Est
163 205 227 238 tibi
243 205 440 239 Dardanius
457 207 584 240 divinae
602 206 718 251 stirpis
735 206 875 240 Acestes
889 219 896 240 :

82 250 189 283 Hunc
207 262 290 295 cape
308 252 458 285 consiliis
475 253 605 286 socium
622 256 657 286 et
674 253 845 296 conjunge
861 252 1035 286 volentem
1052 264 1060 292 ;

82 295 177 329 Huic
193 297 301 340 trade,
318 298 451 331 amissis
469 302 634 342 superant
652 298 711 342 qui
727 298 884 341 navibus,
902 302 937 331 et
954 309 1038 342 quos

81 340 272 375 Pertaesum
288 343 407 386 magni
422 343 553 388 incepti
569 355 752 387 rerumque
769 347 911 377 tuarum
928 348 980 377 est
994 356 1002 384 ;

81 386 340 431 Longaevosque
357 400 461 432 senes,
480 401 520 422 ac
536 389 643 422 fessas
661 400 795 432 aequore
811 394 948 432 matres,

80 432 128 465 Et
144 433 314 477 quidquid
331 438 447 467 tecum
462 435 658 468 invalidum
674 439 902 479 metuensque
919 435 1040 479 pericli
1057 439 1118 479 est,

80 477 203 521 Delige
217 490 226 519 3
251 483 286 512 et
302 480 356 512 his
373 480 524 514 habeant
542 481 642 514 terris
659 480 732 514 sine
748 482 877 514 moenia
892 481 973 514 fessi
987 493 994 514 :

80 523 210 556 Urbem
225 525 453 569 appellabunt
469 527 633 570 permisso
649 527 789 559 nomine
806 526 997 561 Acestam.”

125 569 266 603 Talibus
283 571 442 605 incensus
459 573 562 605 dictis
580 572 720 605 senioris
737 572 856 606 amici:

80 614 169 647 Tum
185 627 264 649 vero
277 616 315 649 in
331 628 430 650 curas
446 618 603 651 animum
619 618 797 651 diducitur
813 629 930 652 omnes
945 631 953 660 ;
1128 620 1194 653 720

79 659 127 693 Et
143 661 222 694 Nox
238 665 315 695 atra
330 663 451 706 polum
465 663 554 707 bigis
572 663 736 697 subvecta
752 663 903 698 tenebat.

81 705 165 739 Visa
181 706 307 740 dehinc
324 708 408 741 coelo
424 709 529 742 facies
546 709 687 752 delapsa
703 710 856 753 parentis

79 751 240 785 Anchisae
258 753 371 786 subito
381 754 474 787 tales
491 754 666 787 effundere
682 766 781 787 voces
795 767 802 788 ε

85 799 103 814 “
114 798 214 840 Nate,
229 799 317 831 mihi
333 799 406 831 vita
423 797 609 840 quondam,
627 798 711 830 dum
731 798 801 831 vita
817 798 990 841 manebat,

80 841 164 875 Care
179 843 290 885 magis
305 855 313 883 ;
338 846 429 886 nate,
447 843 563 876 Hiacis
580 842 731 875 exercite
747 842 830 876 fatis
846 856 853 883 ;

79 886 229 931 Imperio
246 888 272 921 J
273 888 346 922 ovis
361 888 431 921 huc
447 889 557 931 venio,
576 888 636 932 qui
655 888 820 921 classibus
837 889 954 932 ignem

78 932 233 977 Depulit,
251 937 287 966 et
303 934 387 967 coelo
403 934 547 967 tandem
562 934 746 967 miseratus
763 934 806 967 ab
824 935 894 968 alto
912 939 972 968 est.

79 978 238 1012 Consiliis
254 991 346 1023 pare,
364 991 442 1024 quae
457 991 552 1012 nunc
568 979 801 1023 pulcherrima
817 980 950 1013 Nautes

78 1024 150 1058 Dat
166 1025 297 1059 senior:
321 1025 428 1058 lectos
440 1026 596 1069 juvenes,
614 1025 801 1059 fortissima
818 1026 929 1069 corda,
951 1049 958 1053 -

78 1070 184 1103 Defer
200 1071 238 1103 in
255 1071 404 1104 Italiam.
454 1071 544 1104 Gens
561 1071 649 1104 dura
665 1075 770 1115 atque
787 1083 908 1116 aspera
925 1071 1024 1105 cultu
1126 1073 1192 1106 730

77 1115 293 1149 Debellanda
308 1117 374 1149 tibi
390 1117 490 1150 Latio
507 1120 567 1150 est.
615 1116 708 1150 Ditis
724 1121 842 1150 tamen
859 1122 942 1151 ante

78 1161 238 1195 Infernas
255 1163 377 1195 accede
395 1163 520 1204 domos,
538 1166 574 1195 et
590 1162 728 1195 Averna
744 1175 805 1207 per
821 1163 894 1197 alta

79 1207 286 1250 Congressus
302 1211 392 1251 pete,
408 1211 500 1250 nate,
516 1219 618 1241 meos
666 1208 745 1241 Non
761 1220 817 1241 me
833 1209 941 1253 impia
957 1220 1106 1253 namque

77 1252 222 1286 Tartara
237 1252 377 1296 habent,
394 1254 510 1286 tristes
526 1253 657 1285 umbrae
672 1266 680 1293 ;
706 1254 764 1287 sed
781 1265 917 1287 amoena
933 1255 1069 1298 piorum

78 1298 231 1332 concilia
247 1298 472 1342 Elysiumque
489 1298 571 1332 colo.
620 1298 701 1331 Huc
718 1303 813 1332 casta
830 1299 963 1343 Sibylla

76 1343 111 1377 N
112 1344 265 1387 igrarum
281 1344 393 1377 multo
410 1344 584 1388 pecudum
600 1347 635 1377 te
651 1345 820 1387 sanguine
836 1345 949 1379 ducet.

76 1388 166 1422 Tum
182 1401 291 1433 genus
309 1401 408 1422 omne
424 1394 536 1432 tuum,
553 1393 597 1430 et,
615 1401 692 1433 quae
710 1390 837 1423 dentur
853 1391 990 1433 moenia,
1007 1391 1126 1425 disces.

75 1434 227 1478 Jamque
243 1435 320 1468 vale
334 1447 341 1468 :
366 1439 505 1479 torquet
520 1434 650 1468 medios
667 1436 746 1469 Nox
762 1436 906 1469 humida
923 1448 1053 1480 cursus,

76 1480 123 1512 Et
138 1492 193 1513 me
211 1491 320 1513 saevus
337 1479 433 1522 equis
452 1478 574 1510 Oriens
591 1478 723 1511 afflavit
739 1479 908 1513 anhelis.”

75 1523 225 1556 Dixerat
239 1534 246 1556 :
271 1526 307 1556 et
323 1526 446 1555 'tenues
461 1522 564 1564 fugit,
583 1532 646 1555 ceu
662 1522 788 1564 fumus,
805 1525 843 1555 in
859 1534 970 1556 auras.
1127 1525 1194 1557 740

76 1568 215 1610 AEneas‚
232 1568 254 1585 “
267 1568 342 1608 Quo
360 1566 485 1600 deinde
500 1567 572 1599 ruis
586 1566 598 1600 2
623 1578 690 1610 quo
707 1567 853 1611 proripis
870 1567 903 1601 2³²
928 1568 1055 1612 inquit,

76 1613 217 1654 “Quem
232 1613 326 1656 fugis
341 1612 353 1646 2
378 1616 441 1645 aut
458 1613 535 1656 quis
552 1616 587 1645 te
602 1613 728 1646 nostris
745 1613 981 1656 complexibus
999 1617 1093 1647 arcet
1110 1613 1146 1648 ‘3'’

77 1658 165 1695 Haee
180 1669 373 1692 memorans
390 1658 538 1692 cinerem
554 1661 590 1692 et
606 1658 733 1703 sopitos
750 1659 895 1692 suscitat
912 1659 1010 1703 ignes
1025 1671 1035 1700 5

1306 1293 1318 1932 ——fi—m——n--a-——m
1313 1258 1317 1280 ,-
