<?xml version="1.0" encoding="UTF-8"?>
<!DOCTYPE html PUBLIC "-//W3C//DTD XHTML 1.0 Transitional//EN"
    "http://www.w3.org/TR/xhtml1/DTD/xhtml1-transitional.dtd">
<html xmlns="http://www.w3.org/1999/xhtml" xml:lang="en" lang="en">
 <head>
  <title>
</title>
<meta http-equiv="Content-Type" content="text/html;charset=utf-8" />
  <meta name='ocr-system' content='tesseract 3.04.00' />
  <meta name='ocr-capabilities' content='ocr_page ocr_carea ocr_par ocr_line ocrx_word'/>
</head>
<body>
  <div class='ocr_page' id='page_1' title='image "./operaomnia00virguoft/operaomnia00virguoft_0055.png"; bbox 0 0 1345 1927; ppageno 0'>
   <div class='ocr_carea' id='block_1_1' title="bbox 382 63 1192 99">
    <p class='ocr_par' dir='ltr' id='par_1_1' title="bbox 382 63 1192 99">
     <span class='ocr_line' id='line_1_1' title="bbox 382 63 1192 99; baseline 0.004 -3"><span class='ocrx_word' id='word_1_1' title='bbox 382 63 648 97; x_wconf 83' lang='lat' dir='ltr'>GEOR-GICON</span> <span class='ocrx_word' id='word_1_2' title='bbox 672 63 759 97; x_wconf 88' lang='lat' dir='ltr'><strong>LIB.</strong></span> <span class='ocrx_word' id='word_1_3' title='bbox 786 64 832 97; x_wconf 93' lang='lat' dir='ltr'>II.</span> <span class='ocrx_word' id='word_1_4' title='bbox 1146 66 1192 99; x_wconf 86' lang='lat'>47</span> 
     </span>
    </p>
   </div>
   <div class='ocr_carea' id='block_1_2' title="bbox 13 130 1190 1781">
    <p class='ocr_par' dir='ltr' id='par_1_2' title="bbox 13 130 1190 1770">
     <span class='ocr_line' id='line_1_2' title="bbox 73 130 1007 174; baseline 0.001 -10"><span class='ocrx_word' id='word_1_5' title='bbox 73 131 181 165; x_wconf 87' lang='lat' dir='ltr'>Plura</span> <span class='ocrx_word' id='word_1_6' title='bbox 196 131 336 164; x_wconf 88' lang='lat' dir='ltr'>domum</span> <span class='ocrx_word' id='word_1_7' title='bbox 352 131 460 164; x_wconf 85' lang='lat' dir='ltr'>tardis</span> <span class='ocrx_word' id='word_1_8' title='bbox 477 131 640 164; x_wconf 81' lang='lat' dir='ltr'>decedere</span> <span class='ocrx_word' id='word_1_9' title='bbox 656 130 813 174; x_wconf 88' lang='lat' dir='ltr'>plaustra</span> <span class='ocrx_word' id='word_1_10' title='bbox 824 131 985 174; x_wconf 84' lang='lat' dir='ltr'>juvencis</span> <span class='ocrx_word' id='word_1_11' title='bbox 999 143 1007 166; x_wconf 72' lang='grc' dir='ltr'><strong><em>ι</em></strong></span> 
     </span>
     <span class='ocr_line' id='line_1_3' title="bbox 72 176 817 219; baseline -0.001 -9"><span class='ocrx_word' id='word_1_12' title='bbox 72 176 147 210; x_wconf 84' lang='lat' dir='ltr'>Aut</span> <span class='ocrx_word' id='word_1_13' title='bbox 162 177 255 209; x_wconf 86' lang='lat' dir='ltr'>unde</span> <span class='ocrx_word' id='word_1_14' title='bbox 271 177 380 210; x_wconf 86' lang='lat' dir='ltr'>iratus</span> <span class='ocrx_word' id='word_1_15' title='bbox 397 176 520 209; x_wconf 83' lang='lat' dir='ltr'>silvam</span> <span class='ocrx_word' id='word_1_16' title='bbox 537 176 677 209; x_wconf 77' lang='lat' dir='ltr'>devexit</span> <span class='ocrx_word' id='word_1_17' title='bbox 694 181 817 219; x_wconf 83' lang='lat' dir='ltr'>arator,</span> 
     </span>
     <span class='ocr_line' id='line_1_4' title="bbox 71 221 910 265; baseline 0 -11"><span class='ocrx_word' id='word_1_18' title='bbox 71 221 119 255; x_wconf 87' lang='lat' dir='ltr'>Et</span> <span class='ocrx_word' id='word_1_19' title='bbox 134 233 274 255; x_wconf 88' lang='lat' dir='ltr'>nemora</span> <span class='ocrx_word' id='word_1_20' title='bbox 289 222 414 255; x_wconf 80' lang='lat' dir='ltr'>evertit</span> <span class='ocrx_word' id='word_1_21' title='bbox 429 221 557 255; x_wconf 88' lang='lat' dir='ltr'>multos</span> <span class='ocrx_word' id='word_1_22' title='bbox 573 233 701 265; x_wconf 74' lang='lat' dir='ltr'>ignava</span> <span class='ocrx_word' id='word_1_23' title='bbox 717 233 779 265; x_wconf 89' lang='lat' dir='ltr'>per</span> <span class='ocrx_word' id='word_1_24' title='bbox 794 233 910 265; x_wconf 85' lang='lat' dir='ltr'>annos,</span> 
     </span>
     <span class='ocr_line' id='line_1_5' title="bbox 70 257 951 311; baseline 0 -11"><span class='ocrx_word' id='word_1_25' title='bbox 70 267 312 311; x_wconf 87' lang='lat' dir='ltr'>Antiquasque</span> <span class='ocrx_word' id='word_1_26' title='bbox 328 257 444 300; x_wconf 79' lang='lat' dir='ltr'>domos</span> <span class='ocrx_word' id='word_1_27' title='bbox 460 267 579 300; x_wconf 80' lang='lat' dir='ltr'>avium</span> <span class='ocrx_word' id='word_1_28' title='bbox 596 278 674 299; x_wconf 91' lang='lat' dir='ltr'>cum</span> <span class='ocrx_word' id='word_1_29' title='bbox 692 267 882 310; x_wconf 81' lang='lat' dir='ltr'>stirpibus·</span> <span class='ocrx_word' id='word_1_30' title='bbox 872 267 951 300; x_wconf 76' lang='lat' dir='ltr'>imis</span> 
     </span>
     <span class='ocr_line' id='line_1_6' title="bbox 71 311 1190 356; baseline 0.002 -11"><span class='ocrx_word' id='word_1_31' title='bbox 71 311 198 345; x_wconf 88' lang='lat' dir='ltr'>Eruit:</span> <span class='ocrx_word' id='word_1_32' title='bbox 221 313 291 345; x_wconf 84' lang='lat' dir='ltr'>illae</span> <span class='ocrx_word' id='word_1_33' title='bbox 307 312 419 346; x_wconf 86' lang='lat' dir='ltr'>altum</span> <span class='ocrx_word' id='word_1_34' title='bbox 434 312 525 345; x_wconf 85' lang='lat' dir='ltr'>nidis</span> <span class='ocrx_word' id='word_1_35' title='bbox 542 313 671 356; x_wconf 89' lang='lat' dir='ltr'>petiere</span> <span class='ocrx_word' id='word_1_36' title='bbox 687 312 840 354; x_wconf 85' lang='lat' dir='ltr'>relictis;</span> <span class='ocrx_word' id='word_1_37' title='bbox 1122 316 1190 347; x_wconf 84' lang='lat'>210</span> 
     </span>
     <span class='ocr_line' id='line_1_7' title="bbox 13 357 860 410; baseline 0.001 -20"><span class='ocrx_word' id='word_1_38' title='bbox 13 358 27 366; x_wconf 62' lang='lat'>²</span> <span class='ocrx_word' id='word_1_39' title='bbox 70 357 119 390; x_wconf 87' lang='lat' dir='ltr'>At</span> <span class='ocrx_word' id='word_1_40' title='bbox 134 358 375 410; x_wconf 58' lang='lat' dir='ltr'>rssffisenituit</span> <span class='ocrx_word' id='word_1_41' title='bbox 391 357 540 401; x_wconf 89' lang='lat' dir='ltr'>impulso</span> <span class='ocrx_word' id='word_1_42' title='bbox 556 369 691 395; x_wconf 75' lang='lat' dir='ltr'>vomere</span> <span class='ocrx_word' id='word_1_43' title='bbox 708 369 860 402; x_wconf 86' lang='lat' dir='ltr'>campus.</span> 
     </span>
     <span class='ocr_line' id='line_1_8' title="bbox 70 402 824 447; baseline 0 -11"><span class='ocrx_word' id='word_1_44' title='bbox 70 402 162 436; x_wconf 86' lang='lat' dir='ltr'>Nam</span> <span class='ocrx_word' id='word_1_45' title='bbox 173 403 295 446; x_wconf 84' lang='lat' dir='ltr'>jejuna</span> <span class='ocrx_word' id='word_1_46' title='bbox 311 403 451 447; x_wconf 82' lang='lat' dir='ltr'>quidem</span> <span class='ocrx_word' id='word_1_47' title='bbox 468 403 585 436; x_wconf 78' lang='lat' dir='ltr'><strong>clivosi</strong></span> <span class='ocrx_word' id='word_1_48' title='bbox 602 403 719 446; x_wconf 87' lang='lat' dir='ltr'>glarea</span> <span class='ocrx_word' id='word_1_49' title='bbox 734 404 824 436; x_wconf 84' lang='lat' dir='ltr'>ruris</span> 
     </span>
     <span class='ocr_line' id='line_1_9' title="bbox 71 447 979 492; baseline 0.002 -11"><span class='ocrx_word' id='word_1_50' title='bbox 71 447 142 481; x_wconf 80' lang='lat' dir='ltr'>Vix</span> <span class='ocrx_word' id='word_1_51' title='bbox 158 448 306 482; x_wconf 85' lang='lat' dir='ltr'>humiles</span> <span class='ocrx_word' id='word_1_52' title='bbox 323 448 445 492; x_wconf 88' lang='lat' dir='ltr'>apibus</span> <span class='ocrx_word' id='word_1_53' title='bbox 463 449 571 481; x_wconf 83' lang='lat' dir='ltr'>casias</span> <span class='ocrx_word' id='word_1_54' title='bbox 586 460 765 492; x_wconf 89' lang='lat' dir='ltr'>roremque</span> <span class='ocrx_word' id='word_1_55' title='bbox 780 449 956 483; x_wconf 85' lang='lat' dir='ltr'>ministrat</span> <span class='ocrx_word' id='word_1_56' title='bbox 970 462 979 491; x_wconf 73' lang='grc' dir='ltr'><strong><em>ς</em></strong></span> 
     </span>
     <span class='ocr_line' id='line_1_10' title="bbox 38 492 887 538; baseline 0.001 -12"><span class='ocrx_word' id='word_1_57' title='bbox 38 494 50 500; x_wconf 73' lang='grc'><strong>“</strong></span> <span class='ocrx_word' id='word_1_58' title='bbox 69 492 117 526; x_wconf 80' lang='lat' dir='ltr'>Et</span> <span class='ocrx_word' id='word_1_59' title='bbox 133 494 260 538; x_wconf 88' lang='lat' dir='ltr'>tophus</span> <span class='ocrx_word' id='word_1_60' title='bbox 277 494 402 536; x_wconf 83' lang='lat' dir='ltr'>scaber,</span> <span class='ocrx_word' id='word_1_61' title='bbox 420 498 455 527; x_wconf 86' lang='lat' dir='ltr'>et</span> <span class='ocrx_word' id='word_1_62' title='bbox 471 494 579 537; x_wconf 87' lang='lat' dir='ltr'>nigris</span> <span class='ocrx_word' id='word_1_63' title='bbox 596 505 698 527; x_wconf 86' lang='lat' dir='ltr'>exesa</span> <span class='ocrx_word' id='word_1_64' title='bbox 714 494 887 538; x_wconf 81' lang='lat' dir='ltr'>chelydris</span> 
     </span>
     <span class='ocr_line' id='line_1_11' title="bbox 31 538 890 617; baseline 0.002 -46"><span class='ocrx_word' id='word_1_65' title='bbox 31 538 182 617; x_wconf 39' lang='lat' dir='ltr'>sjlcfeta,</span> <span class='ocrx_word' id='word_1_66' title='bbox 198 543 329 583; x_wconf 86' lang='lat' dir='ltr'>negant</span> <span class='ocrx_word' id='word_1_67' title='bbox 346 539 430 572; x_wconf 87' lang='lat' dir='ltr'>alios</span> <span class='ocrx_word' id='word_1_68' title='bbox 447 550 542 583; x_wconf 81' lang='lat' dir='ltr'>aeque</span> <span class='ocrx_word' id='word_1_69' title='bbox 560 539 775 583; x_wconf 80' lang='lat' dir='ltr'>serpentibus</span> <span class='ocrx_word' id='word_1_70' title='bbox 792 551 890 584; x_wconf 84' lang='lat' dir='ltr'>agros</span> 
     </span>
     <span class='ocr_line' id='line_1_12' title="bbox 48 584 999 629; baseline 0.003 -12"><span class='ocrx_word' id='word_1_71' title='bbox 48 586 51 589; x_wconf 75' lang='grc'><em>’</em></span> <span class='ocrx_word' id='word_1_72' title='bbox 103 584 217 618; x_wconf 90' lang='lat' dir='ltr'>ulcem</span> <span class='ocrx_word' id='word_1_73' title='bbox 232 585 322 618; x_wconf 88' lang='lat' dir='ltr'>ferre</span> <span class='ocrx_word' id='word_1_74' title='bbox 338 584 464 628; x_wconf 80' lang='lat' dir='ltr'>cibum,</span> <span class='ocrx_word' id='word_1_75' title='bbox 482 589 517 618; x_wconf 77' lang='lat' dir='ltr'>et</span> <span class='ocrx_word' id='word_1_76' title='bbox 534 596 656 618; x_wconf 82' lang='lat' dir='ltr'>curvas</span> <span class='ocrx_word' id='word_1_77' title='bbox 672 585 822 629; x_wconf 87' lang='lat' dir='ltr'>praebere</span> <span class='ocrx_word' id='word_1_78' title='bbox 838 586 999 620; x_wconf 83' lang='lat' dir='ltr'>latebras.</span> 
     </span>
     <span class='ocr_line' id='line_1_13' title="bbox 70 629 1034 674; baseline 0.002 -11"><span class='ocrx_word' id='word_1_79' title='bbox 70 629 155 670; x_wconf 83' lang='lat' dir='ltr'>Quae</span> <span class='ocrx_word' id='word_1_80' title='bbox 171 634 313 663; x_wconf 84' lang='lat' dir='ltr'>tenuem</span> <span class='ocrx_word' id='word_1_81' title='bbox 329 630 471 663; x_wconf 74' lang='lat' dir='ltr'>exhalat</span> <span class='ocrx_word' id='word_1_82' title='bbox 487 630 650 663; x_wconf 82' lang='lat' dir='ltr'>nebulam</span> <span class='ocrx_word' id='word_1_83' title='bbox 667 631 850 674; x_wconf 77' lang='lat' dir='ltr'>fumosque</span> <span class='ocrx_word' id='word_1_84' title='bbox 867 632 1034 674; x_wconf 83' lang='lat' dir='ltr'>volucres,</span> 
     </span>
     <span class='ocr_line' id='line_1_14' title="bbox 68 674 1096 729; baseline 0.003 -21"><span class='ocrx_word' id='word_1_85' title='bbox 68 674 116 708; x_wconf 88' lang='lat' dir='ltr'>Et</span> <span class='ocrx_word' id='word_1_86' title='bbox 132 675 221 708; x_wconf 89' lang='lat' dir='ltr'>bibit</span> <span class='ocrx_word' id='word_1_87' title='bbox 236 675 425 718; x_wconf 86' lang='lat' dir='ltr'>humorem,</span> <span class='ocrx_word' id='word_1_88' title='bbox 443 679 487 718; x_wconf 89' lang='lat' dir='ltr'>et,</span> <span class='ocrx_word' id='word_1_89' title='bbox 505 687 612 719; x_wconf 88' lang='lat' dir='ltr'>quum</span> <span class='ocrx_word' id='word_1_90' title='bbox 628 676 716 719; x_wconf 76' lang='lat' dir='ltr'>vult,</span> <span class='ocrx_word' id='word_1_91' title='bbox 733 687 777 709; x_wconf 80' lang='lat' dir='ltr'>ex</span> <span class='ocrx_word' id='word_1_92' title='bbox 794 688 829 710; x_wconf 91' lang='lat' dir='ltr'>se</span> <span class='ocrx_word' id='word_1_93' title='bbox 845 677 921 729; x_wconf 79' lang='lat' dir='ltr'>ipsa</span> <span class='ocrx_word' id='word_1_94' title='bbox 936 678 1096 721; x_wconf 82' lang='lat' dir='ltr'>remittit,</span> 
     </span>
     <span class='ocr_line' id='line_1_15' title="bbox 20 720 924 766; baseline 0 -11"><span class='ocrx_word' id='word_1_95' title='bbox 20 720 222 764; x_wconf 51' lang='lat' dir='ltr'>‚Quasque</span> <span class='ocrx_word' id='word_1_96' title='bbox 240 732 300 754; x_wconf 91' lang='lat' dir='ltr'>suo</span> <span class='ocrx_word' id='word_1_97' title='bbox 316 721 420 754; x_wconf 79' lang='lat' dir='ltr'>viridi</span> <span class='ocrx_word' id='word_1_98' title='bbox 436 732 568 764; x_wconf 85' lang='lat' dir='ltr'>semper</span> <span class='ocrx_word' id='word_1_99' title='bbox 585 732 620 754; x_wconf 86' lang='lat' dir='ltr'>se</span> <span class='ocrx_word' id='word_1_100' title='bbox 636 722 793 764; x_wconf 86' lang='lat' dir='ltr'>gramine</span> <span class='ocrx_word' id='word_1_101' title='bbox 810 723 924 766; x_wconf 85' lang='lat' dir='ltr'>vestit,</span> 
     </span>
     <span class='ocr_line' id='line_1_16' title="bbox 67 765 1187 809; baseline 0.003 -10"><span class='ocrx_word' id='word_1_102' title='bbox 67 765 142 799; x_wconf 83' lang='lat' dir='ltr'>Nec</span> <span class='ocrx_word' id='word_1_103' title='bbox 157 766 270 799; x_wconf 82' lang='lat' dir='ltr'>scabie</span> <span class='ocrx_word' id='word_1_104' title='bbox 286 771 321 799; x_wconf 89' lang='lat' dir='ltr'>et</span> <span class='ocrx_word' id='word_1_105' title='bbox 338 766 427 799; x_wconf 87' lang='lat' dir='ltr'>salsa</span> <span class='ocrx_word' id='word_1_106' title='bbox 442 766 538 799; x_wconf 77' lang='lat' dir='ltr'>laedit</span> <span class='ocrx_word' id='word_1_107' title='bbox 553 766 709 809; x_wconf 82' lang='lat' dir='ltr'>robigine</span> <span class='ocrx_word' id='word_1_108' title='bbox 724 767 876 801; x_wconf 86' lang='lat' dir='ltr'>ferrum:</span> <span class='ocrx_word' id='word_1_109' title='bbox 1119 771 1187 802; x_wconf 77' lang='lat'>220</span> 
     </span>
     <span class='ocr_line' id='line_1_17' title="bbox 59 810 773 852; baseline 0 -8"><span class='ocrx_word' id='word_1_110' title='bbox 59 810 137 844; x_wconf 54' lang='lat' dir='ltr'>{Ha</span> <span class='ocrx_word' id='word_1_111' title='bbox 153 811 218 844; x_wconf 85' lang='lat' dir='ltr'>tibi</span> <span class='ocrx_word' id='word_1_112' title='bbox 235 811 324 844; x_wconf 82' lang='lat' dir='ltr'>laetis</span> <span class='ocrx_word' id='word_1_113' title='bbox 339 812 475 851; x_wconf 57' lang='lat' dir='ltr'>intexet</span> <span class='ocrx_word' id='word_1_114' title='bbox 491 811 622 844; x_wconf 84' lang='lat' dir='ltr'>vitibus</span> <span class='ocrx_word' id='word_1_115' title='bbox 638 811 773 852; x_wconf 89' lang='lat' dir='ltr'>ulmos;</span> 
     </span>
     <span class='ocr_line' id='line_1_18' title="bbox 68 856 906 900; baseline 0.001 -10"><span class='ocrx_word' id='word_1_116' title='bbox 68 856 137 890; x_wconf 89' lang='lat' dir='ltr'>Illa</span> <span class='ocrx_word' id='word_1_117' title='bbox 152 857 251 890; x_wconf 85' lang='lat' dir='ltr'>ferax</span> <span class='ocrx_word' id='word_1_118' title='bbox 267 857 340 890; x_wconf 88' lang='lat' dir='ltr'>oleo</span> <span class='ocrx_word' id='word_1_119' title='bbox 358 861 431 890; x_wconf 84' lang='lat' dir='ltr'>est·</span> <span class='ocrx_word' id='word_1_120' title='bbox 423 883 432 898; x_wconf 88' lang='lat'>,</span> <span class='ocrx_word' id='word_1_121' title='bbox 455 857 554 890; x_wconf 82' lang='lat' dir='ltr'>illam</span> <span class='ocrx_word' id='word_1_122' title='bbox 572 865 747 900; x_wconf 78' lang='lat' dir='ltr'>experiere</span> <span class='ocrx_word' id='word_1_123' title='bbox 764 857 906 891; x_wconf 86' lang='lat' dir='ltr'>colendo</span> 
     </span>
     <span class='ocr_line' id='line_1_19' title="bbox 67 901 928 954; baseline 0.002 -19"><span class='ocrx_word' id='word_1_124' title='bbox 67 901 114 935; x_wconf 81' lang='lat' dir='ltr'>Et</span> <span class='ocrx_word' id='word_1_125' title='bbox 130 902 269 935; x_wconf 82' lang='lat' dir='ltr'>facilem</span> <span class='ocrx_word' id='word_1_126' title='bbox 284 903 398 947; x_wconf 87' lang='lat' dir='ltr'>pecori</span> <span class='ocrx_word' id='word_1_127' title='bbox 415 906 450 935; x_wconf 89' lang='lat' dir='ltr'>et</span> <span class='ocrx_word' id='word_1_128' title='bbox 466 902 668 954; x_wconf 84' lang='lat' dir='ltr'>patientem</span> <span class='ocrx_word' id='word_1_129' title='bbox 674 903 820 936; x_wconf 82' lang='lat' dir='ltr'>vomeris</span> <span class='ocrx_word' id='word_1_130' title='bbox 836 904 928 938; x_wconf 90' lang='lat' dir='ltr'>unci.</span> 
     </span>
     <span class='ocr_line' id='line_1_20' title="bbox 67 947 866 992; baseline 0.003 -12"><span class='ocrx_word' id='word_1_131' title='bbox 67 947 186 981; x_wconf 77' lang='lat' dir='ltr'>Talem</span> <span class='ocrx_word' id='word_1_132' title='bbox 203 948 298 981; x_wconf 87' lang='lat' dir='ltr'>dives</span> <span class='ocrx_word' id='word_1_133' title='bbox 314 952 390 981; x_wconf 83' lang='lat' dir='ltr'>arat</span> <span class='ocrx_word' id='word_1_134' title='bbox 407 948 534 992; x_wconf 87' lang='lat' dir='ltr'>Capua,</span> <span class='ocrx_word' id='word_1_135' title='bbox 552 952 586 981; x_wconf 86' lang='lat' dir='ltr'>et</span> <span class='ocrx_word' id='word_1_136' title='bbox 603 948 718 981; x_wconf 85' lang='lat' dir='ltr'>vicina</span> <span class='ocrx_word' id='word_1_137' title='bbox 735 948 866 982; x_wconf 74' lang='lat' dir='ltr'>Vesevo</span> 
     </span>
     <span class='ocr_line' id='line_1_21' title="bbox 69 992 994 1046; baseline 0.002 -20"><span class='ocrx_word' id='word_1_138' title='bbox 69 992 162 1026; x_wconf 88' lang='lat' dir='ltr'>Ora</span> <span class='ocrx_word' id='word_1_139' title='bbox 147 1005 243 1037; x_wconf 86' lang='lat' dir='ltr'>Jugo,</span> <span class='ocrx_word' id='word_1_140' title='bbox 261 997 296 1027; x_wconf 87' lang='lat' dir='ltr'>et</span> <span class='ocrx_word' id='word_1_141' title='bbox 312 993 430 1027; x_wconf 85' lang='lat' dir='ltr'>vacuis</span> <span class='ocrx_word' id='word_1_142' title='bbox 449 993 588 1037; x_wconf 85' lang='lat' dir='ltr'>Clanius</span> <span class='ocrx_word' id='word_1_143' title='bbox 604 1005 674 1027; x_wconf 92' lang='lat' dir='ltr'>non</span> <span class='ocrx_word' id='word_1_144' title='bbox 691 1005 808 1046; x_wconf 68' lang='lat' dir='ltr'>aequus</span> <span class='ocrx_word' id='word_1_145' title='bbox 824 994 989 1029; x_wconf 84' lang='lat' dir='ltr'>Acerris.</span> <span class='ocrx_word' id='word_1_146' title='bbox 992 1001 994 1003; x_wconf 85' lang='lat'>&#39;</span> 
     </span>
     <span class='ocr_line' id='line_1_22' title="bbox 112 1038 1108 1084; baseline 0.002 -12"><span class='ocrx_word' id='word_1_147' title='bbox 112 1038 225 1082; x_wconf 86' lang='lat' dir='ltr'>Nunc,</span> <span class='ocrx_word' id='word_1_148' title='bbox 243 1050 310 1082; x_wconf 91' lang='lat' dir='ltr'>quo</span> <span class='ocrx_word' id='word_1_149' title='bbox 327 1050 499 1083; x_wconf 87' lang='lat' dir='ltr'>quamque</span> <span class='ocrx_word' id='word_1_150' title='bbox 515 1039 615 1072; x_wconf 91' lang='lat' dir='ltr'>modo</span> <span class='ocrx_word' id='word_1_151' title='bbox 631 1039 739 1083; x_wconf 88' lang='lat' dir='ltr'>possis</span> <span class='ocrx_word' id='word_1_152' title='bbox 756 1051 966 1084; x_wconf 86' lang='lat' dir='ltr'>cognoscere,</span> <span class='ocrx_word' id='word_1_153' title='bbox 985 1041 1108 1075; x_wconf 86' lang='lat' dir='ltr'>dicam.</span> 
     </span>
     <span class='ocr_line' id='line_1_23' title="bbox 67 1066 904 1129; baseline 0.001 -11"><span class='ocrx_word' id='word_1_154' title='bbox 67 1083 160 1118; x_wconf 85' lang='lat' dir='ltr'>Rara</span> <span class='ocrx_word' id='word_1_155' title='bbox 176 1066 225 1118; x_wconf 45' lang='lat' dir='ltr'>sit?</span> <span class='ocrx_word' id='word_1_156' title='bbox 237 1096 283 1118; x_wconf 88' lang='lat' dir='ltr'>an</span> <span class='ocrx_word' id='word_1_157' title='bbox 299 1096 402 1129; x_wconf 90' lang='lat' dir='ltr'>supra</span> <span class='ocrx_word' id='word_1_158' title='bbox 418 1096 547 1118; x_wconf 91' lang='lat' dir='ltr'>morem</span> <span class='ocrx_word' id='word_1_159' title='bbox 564 1085 592 1118; x_wconf 88' lang='lat' dir='ltr'>si</span> <span class='ocrx_word' id='word_1_160' title='bbox 609 1085 715 1118; x_wconf 88' lang='lat' dir='ltr'>densa</span> <span class='ocrx_word' id='word_1_161' title='bbox 729 1086 904 1129; x_wconf 86' lang='lat' dir='ltr'>requiras:</span> 
     </span>
     <span class='ocr_line' id='line_1_24' title="bbox 65 1129 987 1183; baseline 0.002 -20"><span class='ocrx_word' id='word_1_162' title='bbox 65 1129 187 1164; x_wconf 83' lang='lat' dir='ltr'>Altera</span> <span class='ocrx_word' id='word_1_163' title='bbox 201 1130 385 1164; x_wconf 70' lang='lat' dir='ltr'>frumentis</span> <span class='ocrx_word' id='word_1_164' title='bbox 404 1131 576 1183; x_wconf 73' lang='lat' dir='ltr'>quoniam</span> <span class='ocrx_word' id='word_1_165' title='bbox 582 1130 686 1174; x_wconf 84' lang='lat' dir='ltr'>favet,</span> <span class='ocrx_word' id='word_1_166' title='bbox 704 1131 813 1164; x_wconf 85' lang='lat' dir='ltr'>altera</span> <span class='ocrx_word' id='word_1_167' title='bbox 828 1131 987 1173; x_wconf 79' lang='lat' dir='ltr'>Bacch03</span> 
     </span>
     <span class='ocr_line' id='line_1_25' title="bbox 65 1175 934 1221; baseline 0.002 -12"><span class='ocrx_word' id='word_1_168' title='bbox 65 1175 182 1209; x_wconf 85' lang='lat' dir='ltr'>Densa</span> <span class='ocrx_word' id='word_1_169' title='bbox 196 1177 307 1219; x_wconf 86' lang='lat' dir='ltr'>magis</span> <span class='ocrx_word' id='word_1_170' title='bbox 325 1176 446 1221; x_wconf 89' lang='lat' dir='ltr'>Cereri,</span> <span class='ocrx_word' id='word_1_171' title='bbox 462 1176 636 1210; x_wconf 85' lang='lat' dir='ltr'>rarissima</span> <span class='ocrx_word' id='word_1_172' title='bbox 653 1187 750 1220; x_wconf 81' lang='lat' dir='ltr'>quaeq</span> <span class='ocrx_word' id='word_1_173' title='bbox 752 1188 796 1210; x_wconf 90' lang='lat' dir='ltr'>ue</span> <span class='ocrx_word' id='word_1_174' title='bbox 812 1177 934 1220; x_wconf 72' lang='lat' dir='ltr'>Lyaeo:</span> 
     </span>
     <span class='ocr_line' id='line_1_26' title="bbox 66 1220 1185 1266; baseline 0.004 -12"><span class='ocrx_word' id='word_1_175' title='bbox 66 1220 160 1255; x_wconf 86' lang='lat' dir='ltr'>Ante</span> <span class='ocrx_word' id='word_1_176' title='bbox 175 1222 290 1255; x_wconf 88' lang='lat' dir='ltr'>locum</span> <span class='ocrx_word' id='word_1_177' title='bbox 307 1222 420 1266; x_wconf 88' lang='lat' dir='ltr'>capies</span> <span class='ocrx_word' id='word_1_178' title='bbox 437 1222 554 1265; x_wconf 85' lang='grc'>0011115,</span> <span class='ocrx_word' id='word_1_179' title='bbox 571 1222 710 1265; x_wconf 89' lang='lat' dir='ltr'>alteque</span> <span class='ocrx_word' id='word_1_180' title='bbox 722 1222 861 1265; x_wconf 87' lang='lat' dir='ltr'>jubebis</span> <span class='ocrx_word' id='word_1_181' title='bbox 1118 1227 1185 1258; x_wconf 77' lang='lat'>230</span> 
     </span>
     <span class='ocr_line' id='line_1_27' title="bbox 67 1266 944 1312; baseline 0.002 -13"><span class='ocrx_word' id='word_1_182' title='bbox 67 1266 111 1300; x_wconf 91' lang='lat' dir='ltr'>In</span> <span class='ocrx_word' id='word_1_183' title='bbox 128 1267 234 1300; x_wconf 87' lang='lat' dir='ltr'>solido</span> <span class='ocrx_word' id='word_1_184' title='bbox 251 1271 398 1312; x_wconf 85' lang='lat' dir='ltr'>puteum</span> <span class='ocrx_word' id='word_1_185' title='bbox 415 1268 563 1311; x_wconf 83' lang='lat' dir='ltr'>demitti,</span> <span class='ocrx_word' id='word_1_186' title='bbox 580 1279 784 1311; x_wconf 87' lang='lat' dir='ltr'>omnemque</span> <span class='ocrx_word' id='word_1_187' title='bbox 800 1280 944 1312; x_wconf 85' lang='lat' dir='ltr'>repones</span> 
     </span>
     <span class='ocr_line' id='line_1_28' title="bbox 68 1312 1071 1357; baseline 0.003 -12"><span class='ocrx_word' id='word_1_188' title='bbox 68 1312 200 1345; x_wconf 83' lang='lat' dir='ltr'>Rursus</span> <span class='ocrx_word' id='word_1_189' title='bbox 217 1313 374 1356; x_wconf 89' lang='lat' dir='ltr'>humum,</span> <span class='ocrx_word' id='word_1_190' title='bbox 392 1317 427 1346; x_wconf 85' lang='lat' dir='ltr'>et</span> <span class='ocrx_word' id='word_1_191' title='bbox 443 1313 588 1357; x_wconf 87' lang='lat' dir='ltr'>pedibus</span> <span class='ocrx_word' id='word_1_192' title='bbox 606 1324 756 1346; x_wconf 89' lang='lat' dir='ltr'>summas</span> <span class='ocrx_word' id='word_1_193' title='bbox 773 1314 924 1357; x_wconf 82' lang='lat' dir='ltr'>aequabis</span> <span class='ocrx_word' id='word_1_194' title='bbox 941 1326 1071 1348; x_wconf 78' lang='lat' dir='ltr'>arenas.</span> 
     </span>
     <span class='ocr_line' id='line_1_29' title="bbox 66 1357 924 1403; baseline -0.001 -11"><span class='ocrx_word' id='word_1_195' title='bbox 66 1357 104 1392; x_wconf 88' lang='lat' dir='ltr'>Si</span> <span class='ocrx_word' id='word_1_196' title='bbox 120 1358 276 1401; x_wconf 85' lang='lat' dir='ltr'>deerunt,</span> <span class='ocrx_word' id='word_1_197' title='bbox 293 1370 411 1392; x_wconf 78' lang='lat' dir='ltr'>rarum</span> <span class='ocrx_word' id='word_1_198' title='bbox 427 1359 609 1403; x_wconf 86' lang='lat' dir='ltr'>pecorique</span> <span class='ocrx_word' id='word_1_199' title='bbox 627 1363 662 1391; x_wconf 92' lang='lat' dir='ltr'>et</span> <span class='ocrx_word' id='word_1_200' title='bbox 678 1359 808 1392; x_wconf 60' lang='lat' dir='ltr'>ritibus</span> <span class='ocrx_word' id='word_1_201' title='bbox 825 1359 924 1392; x_wconf 85' lang='lat' dir='ltr'>almis</span> 
     </span>
     <span class='ocr_line' id='line_1_30' title="bbox 30 1404 921 1448; baseline 0.002 -12"><span class='ocrx_word' id='word_1_202' title='bbox 30 1417 37 1425; x_wconf 65' lang='lat' dir='ltr'><em>s</em></span> <span class='ocrx_word' id='word_1_203' title='bbox 66 1404 194 1448; x_wconf 82' lang='lat' dir='ltr'>Aptius</span> <span class='ocrx_word' id='word_1_204' title='bbox 211 1404 296 1437; x_wconf 86' lang='lat' dir='ltr'>uber</span> <span class='ocrx_word' id='word_1_205' title='bbox 312 1405 378 1437; x_wconf 83' lang='lat' dir='ltr'>erit</span> <span class='ocrx_word' id='word_1_206' title='bbox 393 1417 401 1445; x_wconf 87' lang='lat'>;</span> <span class='ocrx_word' id='word_1_207' title='bbox 426 1405 479 1437; x_wconf 91' lang='lat' dir='ltr'>sin</span> <span class='ocrx_word' id='word_1_208' title='bbox 495 1404 532 1437; x_wconf 89' lang='lat' dir='ltr'>in</span> <span class='ocrx_word' id='word_1_209' title='bbox 550 1415 612 1437; x_wconf 89' lang='lat' dir='ltr'>sua</span> <span class='ocrx_word' id='word_1_210' title='bbox 628 1416 725 1448; x_wconf 87' lang='lat' dir='ltr'>posse</span> <span class='ocrx_word' id='word_1_211' title='bbox 742 1404 921 1448; x_wconf 77' lang='lat' dir='ltr'>negabunt</span> 
     </span>
     <span class='ocr_line' id='line_1_31' title="bbox 66 1449 1033 1494; baseline 0 -12"><span class='ocrx_word' id='word_1_212' title='bbox 66 1449 122 1483; x_wconf 88' lang='lat' dir='ltr'>Ire</span> <span class='ocrx_word' id='word_1_213' title='bbox 138 1449 222 1492; x_wconf 89' lang='lat' dir='ltr'>loca,</span> <span class='ocrx_word' id='word_1_214' title='bbox 239 1454 275 1483; x_wconf 89' lang='lat' dir='ltr'>et</span> <span class='ocrx_word' id='word_1_215' title='bbox 292 1450 467 1483; x_wconf 82' lang='lat' dir='ltr'>scrobibus</span> <span class='ocrx_word' id='word_1_216' title='bbox 484 1450 660 1494; x_wconf 79' lang='lat' dir='ltr'>superabit</span> <span class='ocrx_word' id='word_1_217' title='bbox 676 1454 769 1488; x_wconf 84' lang='lat' dir='ltr'>terra</span> <span class='ocrx_word' id='word_1_218' title='bbox 784 1451 924 1494; x_wconf 84' lang='lat' dir='ltr'>repletis</span> <span class='ocrx_word' id='word_1_219' title='bbox 941 1463 948 1485; x_wconf 93' lang='lat'><strong>:</strong></span> <span class='ocrx_word' id='word_1_220' title='bbox 971 1455 1033 1482; x_wconf 61' lang='lat' dir='ltr'>is</span> 
     </span>
     <span class='ocr_line' id='line_1_32' title="bbox 61 1494 998 1540; baseline 0.002 -12"><span class='ocrx_word' id='word_1_221' title='bbox 61 1494 202 1539; x_wconf 66' lang='lat' dir='ltr'>§pissus</span> <span class='ocrx_word' id='word_1_222' title='bbox 219 1507 301 1539; x_wconf 85' lang='lat' dir='ltr'>ager</span> <span class='ocrx_word' id='word_1_223' title='bbox 315 1508 323 1536; x_wconf 86' lang='lat'>;</span> <span class='ocrx_word' id='word_1_224' title='bbox 347 1495 464 1539; x_wconf 87' lang='lat' dir='ltr'>glebas</span> <span class='ocrx_word' id='word_1_225' title='bbox 481 1499 685 1529; x_wconf 85' lang='lat' dir='ltr'>cunctantes</span> <span class='ocrx_word' id='word_1_226' title='bbox 703 1507 882 1539; x_wconf 78' lang='lat' dir='ltr'>crassaque</span> <span class='ocrx_word' id='word_1_227' title='bbox 899 1501 998 1540; x_wconf 84' lang='lat' dir='ltr'>terga</span> 
     </span>
     <span class='ocr_line' id='line_1_33' title="bbox 65 1540 965 1585; baseline 0.001 -11"><span class='ocrx_word' id='word_1_228' title='bbox 65 1540 248 1585; x_wconf 83' lang='lat' dir='ltr'>Exspecta,</span> <span class='ocrx_word' id='word_1_229' title='bbox 266 1545 301 1574; x_wconf 87' lang='lat' dir='ltr'>et</span> <span class='ocrx_word' id='word_1_230' title='bbox 317 1541 442 1574; x_wconf 84' lang='lat' dir='ltr'>validis</span> <span class='ocrx_word' id='word_1_231' title='bbox 459 1545 586 1575; x_wconf 81' lang='lat' dir='ltr'>terram</span> <span class='ocrx_word' id='word_1_232' title='bbox 604 1541 783 1585; x_wconf 85' lang='lat' dir='ltr'>proscinde</span> <span class='ocrx_word' id='word_1_233' title='bbox 795 1543 965 1585; x_wconf 72' lang='lat' dir='ltr'>juvencis.</span> 
     </span>
     <span class='ocr_line' id='line_1_34' title="bbox 65 1585 933 1631; baseline 0.001 -12"><span class='ocrx_word' id='word_1_234' title='bbox 65 1585 163 1619; x_wconf 82' lang='lat' dir='ltr'>Salsa</span> <span class='ocrx_word' id='word_1_235' title='bbox 180 1591 297 1620; x_wconf 84' lang='lat' dir='ltr'>autem</span> <span class='ocrx_word' id='word_1_236' title='bbox 314 1587 427 1629; x_wconf 86' lang='lat' dir='ltr'>tellus,</span> <span class='ocrx_word' id='word_1_237' title='bbox 446 1591 481 1620; x_wconf 84' lang='lat' dir='ltr'>et</span> <span class='ocrx_word' id='word_1_238' title='bbox 497 1598 572 1630; x_wconf 81' lang='lat' dir='ltr'>quae</span> <span class='ocrx_word' id='word_1_239' title='bbox 589 1587 790 1631; x_wconf 83' lang='lat' dir='ltr'>perhibetur</span> <span class='ocrx_word' id='word_1_240' title='bbox 806 1599 933 1631; x_wconf 84' lang='lat' dir='ltr'>amara,</span> 
     </span>
     <span class='ocr_line' id='line_1_35' title="bbox 63 1631 919 1675; baseline 0.002 -11"><span class='ocrx_word' id='word_1_241' title='bbox 63 1631 237 1675; x_wconf 85' lang='lat' dir='ltr'>Frugibus</span> <span class='ocrx_word' id='word_1_242' title='bbox 254 1632 387 1675; x_wconf 84' lang='lat' dir='ltr'>infelix,</span> <span class='ocrx_word' id='word_1_243' title='bbox 407 1634 462 1675; x_wconf 85' lang='grc'>(03</span> <span class='ocrx_word' id='word_1_244' title='bbox 478 1644 541 1666; x_wconf 88' lang='lat' dir='ltr'>nec</span> <span class='ocrx_word' id='word_1_245' title='bbox 557 1634 764 1666; x_wconf 85' lang='lat' dir='ltr'>mansuescit</span> <span class='ocrx_word' id='word_1_246' title='bbox 781 1634 919 1674; x_wconf 78' lang='lat' dir='ltr'>arando,</span> 
     </span>
     <span class='ocr_line' id='line_1_36' title="bbox 63 1676 1172 1729; baseline 0.002 -19"><span class='ocrx_word' id='word_1_247' title='bbox 63 1676 136 1710; x_wconf 82' lang='lat' dir='ltr'>Nec</span> <span class='ocrx_word' id='word_1_248' title='bbox 146 1677 286 1711; x_wconf 85' lang='lat' dir='ltr'>Baccho</span> <span class='ocrx_word' id='word_1_249' title='bbox 303 1689 422 1729; x_wconf 77' lang='lat' dir='ltr'>genUS,</span> <span class='ocrx_word' id='word_1_250' title='bbox 439 1683 501 1711; x_wconf 84' lang='lat' dir='ltr'>aut</span> <span class='ocrx_word' id='word_1_251' title='bbox 518 1678 629 1722; x_wconf 82' lang='lat' dir='ltr'>pomis</span> <span class='ocrx_word' id='word_1_252' title='bbox 647 1690 708 1711; x_wconf 90' lang='lat' dir='ltr'>sua</span> <span class='ocrx_word' id='word_1_253' title='bbox 724 1679 866 1712; x_wconf 88' lang='lat' dir='ltr'>nomina</span> <span class='ocrx_word' id='word_1_254' title='bbox 884 1680 1020 1723; x_wconf 64' lang='lat' dir='ltr'>servat)</span> <span class='ocrx_word' id='word_1_255' title='bbox 1104 1681 1172 1712; x_wconf 82' lang='lat'>240</span> 
     </span>
     <span class='ocr_line' id='line_1_37' title="bbox 64 1722 948 1781; baseline 0.002 -25"><span class='ocrx_word' id='word_1_256' title='bbox 64 1722 147 1756; x_wconf 83' lang='lat' dir='ltr'>Tale</span> <span class='ocrx_word' id='word_1_257' title='bbox 155 1723 260 1781; x_wconf 68' lang='lat' dir='ltr'>&lt;iabit</span> <span class='ocrx_word' id='word_1_258' title='bbox 276 1724 469 1768; x_wconf 90' lang='lat' dir='ltr'>specimen:</span> <span class='ocrx_word' id='word_1_259' title='bbox 495 1728 533 1756; x_wconf 78' lang='lat' dir='ltr'>tu</span> <span class='ocrx_word' id='word_1_260' title='bbox 551 1724 657 1768; x_wconf 86' lang='lat' dir='ltr'>spisso</span> <span class='ocrx_word' id='word_1_261' title='bbox 674 1725 803 1758; x_wconf 85' lang='lat' dir='ltr'>vimine</span> <span class='ocrx_word' id='word_1_262' title='bbox 820 1725 948 1770; x_wconf 83' lang='lat' dir='ltr'>quaIOS,</span> 
     </span>
    </p>
   </div>
  </div>
 </body>
</html>
