1330 1932
416 109 634 144 AENEIDOS
659 110 1189 145 LIB.V11.243

122 173 198 207 Mos
215 177 289 207 erat
306 174 499 218 Hesperio'
489 185 527 207 111
543 174 652 207 Latio.
670 185 773 217 quem
789 174 946 217 protinus
963 173 1063 207 urbes

78 218 221 252 Albanae
239 219 372 252 coluere
389 230 533 271 sacrum,
550 230 645 252 nunc
661 219 816 251 maxima
831 230 944 251 rerum

78 263 187 297 Roma
203 265 295 298 colit.
313 276 421 308 quum
436 265 549 308 prima
563 269 705 297 movent
720 264 758 296 in
774 264 896 307 proelia
911 264 1072 308 Martem,

77 309 157 343 Sive
175 309 270 342 Getis
285 299 412 342 inferre
428 320 535 342 manu
550 309 763 342 lacrimabile
780 309 919 350 bellum,

78 353 293 397 Hyrcanisve
309 354 476 387 Arabisve
491 358 626 398 parant,
643 366 704 387 seu
721 355 861 387 tendere
877 336 921 387 ad
939 354 1052 397 Indos,

78 399 316 451 Auroramque
333 400 439 443 sequi,
457 399 671 443 Parthosque
686 411 862 451 reposcere
879 400 987 442 signa.

78 444 168 478 Sunt
185 446 330 488 geminae
347 445 438 478 Beffi
453 446 657 496 portae—sic
673 446 812 478 nomine
829 445 998 478 dicunt—

80 489 262 533 Religione
279 501 382 523 sacrae
398 495 433 523 et
450 490 532 523 saevi
548 491 732 523 formidine
749 490 894 523 Martis:

79 535 228 568 Centum
244 536 324 569 aerei
340 535 511 569 claudunt
527 542 651 578 vectes,
668 540 866 579 aeternaque
881 536 965 569 ferri

80 580 214 614 Robora
228 593 236 621 ;
260 592 324 614 1100
343 585 457 614 custos
474 580 611 614 absistit
626 581 747 614 limine
764 582 789 614 J
791 592 886 615 anus.
1125 583 1191 616 610

80 626 165 669 Has,
180 626 242 659 ubi
259 631 353 659 certa
370 626 464 659 sedet
481 626 639 670 patribus
656 627 829 659 sententia
845 637 983 670 pugnae,

81 671 160 715 Ipse
178 672 349 712 Quirinali
366 671 484 704 trabea
502 672 687 715 cinctuque
705 672 837 705 Gabino

81 716 234 760 Insignis
249 721 378 750 reserat
395 717 578 749 stridentia
594 717 717 750 limina
734 717 860 750 Consul
874 728 881 751 :

81 762 163 805 Ipse
180 766 280 795 vocat
296 773 431 806 pugnas
447 774 456 802 3
481 762 638 806 sequitur
653 766 730 795 tum
747 766 860 795 cetera
876 762 994 806 pubes,

80 807 252 850 AEreaque
269 818 408 840 assensu
425 808 623 850 conspirant
640 818 768 840 cornua
783 819 897 841 rauco.

81 852 158 885 Hoc
175 857 210 885 et
226 857 303 885 tum
319 852 484 885 AEneadis
500 852 653 885 indicere
668 850 760 885 bella
776 853 923 885 Latinus

80 897 178 930 More
189 897 388 941 jubebatur,
406 898 590 941 tristesque
606 898 782 931 recludere
799 902 925 942 portas.

80 943 261 976 Abstinuit-
277 946 377 976 tactu
393 947 502 987 pater,
519 954 726 986 aversusque
741 943 873 986 refugit

81 988 188 1021 Foeda
203 988 405 1029 ministeria,
424 993 458 1022 et
476 989 574 1021 eaecis
592 1000 627 1022 se
644 989 799 1022 condidit
815 988 963 1023 umbris:

81 1033 171 1066 Tum
187 1034 308 1077 regina
324 1034 428 1067 deum
445 1034 530 1067 coelo
547 1034 688 1078 delapsa
703 1038 877 1067 morantes
1129 1037 1195 1069 620

83 1079 231 1123 Impulit
247 1079 322 1123 ipsa
338 1091 446 1112 manu
462 1083 588 1123 portas,
607 1084 642 1113 et
659 1080 798 1113 cardine
814 1091 910 1113 verso

82 1124 172 1158 Belli
187 1125 331 1158 ferratos
347 1125 443 1168 rupit
461 1125 623 1158 Saturnia
640 1130 762 1169 postes.

82 1169 192 1203 Ardet
208 1170 362 1204 inexcita
379 1171 534 1203 Ausonia
549 1175 655 1214 atque
671 1171 856 1204 immobilis
873 1175 955 1204 ante
970 1184 978 1212 ;

83 1215 168 1249 Pars
184 1216 288 1259 pedes
303 1216 354 1249 ire
370 1220 472 1259 parat
488 1217 618 1259 campis
635 1229 643 1257 ;
667 1228 746 1260 pars
764 1216 892 1249 arduus
909 1217 990 1250 altis

84 1260 356 1294 Pulverulentus
370 1261 466 1304 equis
482 1261 569 1294 furit
583 1274 589 1294 :
615 1273 731 1294 omnes
748 1273 844 1294 arma
860 1263 1052 1305 requirunt.

84 1306 168 1339 Pars
185 1306 276 1339 leves
293 1306 420 1350 clipeos
437 1310 473 1339 et
490 1306 622 1350 spicula
638 1307 755 1339 lucida
771 1306 915 1350 tergunt

86 1352 221 1384 Arvina
236 1352 370 1395 pingui,
389 1352 625 1395 subiguntque
641 1353 678 1384 in
696 1357 771 1385 cote
788 1363 922 1385 secures
939 1365 948 1393 ;

85 1396 259 1440 Signaque
275 1397 364 1430 ferre
375 1399 488 1441 juvat,
507 1398 708 1440 sonitusque
725 1398 845 1430 audire
861 1398 1036 1432 tubarum.

86 1443 247 1486 Quinque
263 1442 348 1475 adeo
363 1454 500 1486 maguae
516 1443 636 1486 positis
653 1443 839 1476 incudibus
855 1443 958 1476 urbes

84 1487 168 1521 Tela
184 1492 324 1530 novant,
342 1488 450 1521 Atina
465 1493 597 1532 potens,
615 1488 790 1532 Tiburque
808 1489 1004 1532 superbum,
1131 1492 1197 1525 630

84 1533 208 1575 Ardea,
227 1533 518 1577 Crustumerique,
536 1538 570 1566 et
587 1534 765 1577 turrigerae
781 1534 974 1568 Antemnae.

85 1579 252 1622 Tegmina
268 1583 348 1612 tuta
365 1583 491 1612 cavant
508 1579 673 1622 capitum,
689 1579 906 1623 flectuntque
923 1580 1074 1624 salignas

86 1624 284 1657 Umbonum
301 1629 411 1657 crates
426 1637 434 1664 ;
459 1625 520 1657 alii
535 1625 694 1658 thoracas
711 1624 848 1668 ahenos,

86 1670 160 1703 Aut
175 1670 267 1703 leves
283 1681 397 1703 ocreas
413 1670 508 1703 lento
526 1670 660 1703 ducunt
676 1674 840 1714 argento:

88 1715 243 1748 Vomeris
258 1715 328 1748 huc
345 1720 381 1748 et
396 1715 496 1748 falcis
513 1715 629 1758 honos,
647 1716 716 1749 huc
733 1716 843 1748 omnis
860 1716 967 1749 aratri

91 1761 199 1794 Cessit
215 1772 310 1794 amor
326 1773 332 1794 :
357 1765 549 1804 recoquunt
565 1761 694 1805 patrios
710 1761 908 1795 fornacibus
925 1773 1031 1797 enses.
