1330 1932
390 61 608 95 AENEIDOS
633 61 720 95 LIB.
747 61 807 94 VI.
1086 62 1153 93 203

41 130 118 171 Qua
133 132 196 163 tua
212 133 248 163 te
264 129 406 163 fortuna
424 130 522 163 sinet.
564 129 631 162 Via
648 129 761 172 prima
778 128 910 163 salutis·

41 176 140 216 Quod
156 176 300 209 minime
316 176 411 218 reris,
429 175 532 208 Graia
547 174 723 218 pandetur
739 174 782 207 ab
800 174 910 207 urbe.”

84 221 226 254 Talibus
244 232 288 254 ex
305 221 410 264 adyto
427 220 530 253 dictis
548 220 687 253 Cumaea
704 219 837 263 Sibylla,

39 266 239 299 Horrendas
257 266 353 299 canit
369 265 542 309 ambages,
560 269 729 309 antroque
745 264 899 308 remugit

39 311 201 345 Obscuris
218 323 299 345 vera
315 311 494 345 involvens
511 322 517 344 :
543 322 583 344 ea
599 311 699 343 frena
714 311 848 344 furenti
1090 311 1155 341 100

39 357 210 400 Concutit,
229 361 264 390 et
281 357 439 390 stimulos
456 356 519 389 sub
535 360 672 400 pectore
689 356 796 389 vertit
813 355 946 400 Apollo.

38 402 88 436 Ut
105 403 257 446 primum
274 403 376 436 cessit
392 402 497 444 furor,
514 406 549 435 et
565 401 687 435 rabida
704 413 763 435 ora
780 402 955 446 quierunt,

39 448 170 492 Incipit
187 448 314 481 AEneas
330 448 447 481 heros:
473 449 580 482 “Non
597 449 669 481 ulla
686 448 853 489 laborum,

39 492 66 527 Ο
85 494 191 537 virgo,
208 505 299 526 nova
314 493 363 526 mi
379 493 485 526 facies
501 492 687 536 inopinave
705 492 835 535 surgit:

39 539 164 572 Omnia
180 539 341 583 praecepi,
358 543 464 582 atque
481 538 596 571 animo
612 548 750 570 mecum
767 542 848 570 ante
865 536 992 580 peregi.

38 584 158 617 Unum
174 584 420 628 oro—quando
437 584 494 617 hic
511 583 640 616 inferni
652 584 764 626 janua
779 583 871 626 regis

37 630 186 673 Dicitur,
204 634 239 663 et
255 629 436 663 tenebrosa
453 629 553 673 palus
571 628 767 661 Acheronte
783 628 946 661 refuso—-

39 675 94 708 Ire
111 676 156 709 ad
173 680 397 719 conspectum
414 675 485 708 cari
501 674 667 718 genitoris
684 677 720 706 et
736 685 796 707 ora

39 721 227 764 Contingat
241 733 248 754 :
273 721 394 753 doceas
410 720 486 763 iter,
505 724 540 753 et
557 731 653 752 sacra
669 719 758 752 ostia
774 719 916 763 pandas.

38 766 146 799 Illum
163 777 226 809 ego
242 777 304 810 per
320 766 477 798 flammas
494 769 530 798 et
545 764 641 798 mille
658 764 837 808 sequentia
852 764 925 797 tela
1089 765 1154 795 110

37 811 160 855 Eripui
177 811 230 844 his
248 811 410 853 humeris,
428 810 611 853 medioque
628 821 672 842 ex
688 809 787 842 hoste
802 809 916 853 recepi
931 821 939 849 3

38 857 112 899 Ille,
129 868 247 889 meum
264 856 450 889 comitatus
466 856 543 898 iter,
559 855 670 888 maria
686 855 802 888 omnia
818 865 956 887 mecum

37 902 153 946 Atque
170 913 287 935 omnes
304 901 489 946 pelagique
504 901 617 934 minas
634 900 781 944 coelique
797 900 931 933 ferebat

37 948 229 990 Invalidus,
246 948 336 980 vires
354 947 447 980 ultra
465 950 658 990 sortemque
676 949 832 979 senectae.

38 993 140 1036 Quin,
157 997 199 1027 ut
216 998 251 1027 te
269 993 416 1037 supplex
433 997 588 1036 peterem
605 995 640 1025 et
656 996 719 1025 tua
735 991 858 1024 limina
875 991 1016 1034 adirem,

37 1039 137 1072 Idem
153 1050 253 1072 orans
270 1038 438 1071 mandata
454 1037 569 1071 dabat.
610 1037 764 1081 Natique
779 1037 967 1081 patrisque,

37 1083 149 1127 Alma,
167 1095 294 1128 precor,
311 1084 490 1124 miserere3
516 1087 612 1128 potes
629 1094 780 1127 namque
796 1082 929 1116 omnia:
954 1093 1017 1115 nec
1033 1085 1069 1115 te

36 1129 282 1174 Nequidquam
298 1130 386 1163 lucis
404 1130 538 1163 Hecate
554 1129 710 1173 praefecit
726 1128 872 1162 Avernis
883 1140 900 1169 ς’

37 1174 75 1209 Si
91 1176 207 1220 potuit
223 1187 342 1209 manes
359 1186 527 1208 arcessere
544 1175 702 1218 conjugis
721 1174 888 1218 Orpheus,

37 1221 199 1254 Threicia
214 1221 324 1254 fretus
342 1221 476 1254 cithara
493 1220 688 1264 fidibusque
705 1219 839 1252 canoris
852 1231 862 1260 ;
1088 1219 1153 1250 120

37 1266 75 1299 Si
91 1266 236 1300 fratrem
252 1266 379 1299 Pollux
397 1266 533 1299 alterna
548 1270 658 1298 morte
674 1264 831 1307 redemit,

39 1311 142 1355 Itque
157 1312 316 1355 reditque
332 1311 426 1344 viam
442 1311 555 1344 toties.
597 1310 688 1351 Quid
706 1310 845 1352 Thesea,
862 1320 1030 1352 magnum

40 1356 132 1398 Quid
148 1367 332 1389 memorem
350 1355 496 1388 Alciden
510 1355 522 1388 2
547 1355 593 1388 Et
608 1355 657 1388 mi
674 1366 782 1397 genus
798 1354 842 1387 ab
859 1355 948 1388 Jove
966 1354 1132 1388 summo.”

87 1401 226 1434 Talibus
243 1401 363 1434 orabat
380 1401 492 1442 dictis,
509 1412 654 1444 arasque
671 1400 813 1433 tenebat
827 1412 835 1440 ;

40 1447 155 1488 Quum
173 1447 220 1479 sic
237 1457 313 1479 orsa
329 1447 423 1489 loqui
440 1450 535 1479 vates
550 1459 555 1478 :
583 1447 601 1463 “
615 1445 695 1478 Sate
713 1445 882 1488 sanguine
899 1445 1030 1488 divum,

37 1492 120 1525 Tros
137 1491 358 1534 Anchisiada,
375 1491 489 1524 facilis
506 1490 689 1523 descensus
706 1490 843 1522 Averno
857 1501 866 1530 ;

37 1537 164 1571 Noctes
180 1542 286 1581 atque
304 1538 375 1570 dies
392 1541 491 1581 patet
507 1537 575 1569 atri
587 1537 698 1580 janua
714 1535 807 1568 Ditis
821 1547 829 1575 3

38 1582 105 1616 Sed
121 1594 281 1616 revocare
298 1582 446 1626 gradum
463 1593 672 1626 superasque
689 1580 834 1613 evadere
851 1579 895 1613 ad
912 1590 1024 1622 auras,

38 1628 115 1661 Hoc
132 1640 227 1672 opus,
244 1628 302 1661 hic
318 1628 414 1661 labor
431 1632 492 1661 est.
532 1627 650 1669 Pauci,
668 1637 753 1670 quos
770 1637 888 1669 aequus
904 1625 1036 1658 amavit

1 1700 6 1704 .
38 1674 190 1717 Jupiter,
203 1678 266 1707 aut
282 1674 405 1707 ardens
422 1673 539 1706 evexit
555 1673 600 1706 ad
617 1672 745 1705 aethera
760 1671 882 1712 virtus,
1087 1672 1151 1704 130

38 1719 100 1752 Dis
116 1720 227 1763 geniti
242 1724 395 1763 potuere.
436 1719 570 1752 Tenent
585 1718 700 1752 media.
716 1717 832 1751 omnia
849 1716 955 1760 silvae,

1312 294 1328 548 ι-ι--Ἳ--ὲήν-εη-ι-ιι-Ἴ
1312 150 1330 287 ‘mm-'w
1323 116 1330 141 .-‹

1316 768 1323 954 -.-J-*oa-
