1345 1927
154 78 222 109 350
462 74 498 108 P.
525 73 729 125 VIRGILII
758 70 972 105 MARONIS

154 142 312 186 Saetigeri
330 142 441 176 fetum
459 142 539 185 suis,
557 142 800 184 intonsamque
816 139 995 172 bidentem
1208 138 1273 172 170
1311 140 1313 165 l

155 188 298 231 Attulit,
316 188 552 232 ammovitque
569 199 673 232 pecus
691 185 920 230 flagrantibus
936 184 1015 218 aris.
1312 183 1313 205 ἶ

141 234 214 268 ·Illi
231 234 275 268 ad
293 238 492 278 surgentem
510 233 665 267 conversi
682 232 817 266 lumina
834 231 940 264 solem

153 279 250 314 Dant
266 280 384 324 fruges
400 279 560 313 manibus
578 279 694 321 salsas,
712 283 747 311 et
765 282 920 321 tempora
937 275 1027 310 ferro

153 325 297 359 Summa
313 330 438 359 notant
455 325 638 369 pecudum,
657 324 854 369 paterisque
870 322 995 356 altaria
1012 321 1134 355 libant.

153 371 243 405 Tum
260 371 339 416 pius
356 371 484 404 AEneas
501 371 620 404 stricto
639 371 686 404 sic
704 381 783 403 ense
802 372 984 412 precatur:

156 417 174 434 “
190 417 273 451 Esto
289 429 384 450 nunc
404 417 459 451 Sol
480 418 576 452 testis
590 422 625 451 et
642 417 715 450 haec
731 416 818 449 mihi
837 415 940 447 Terra
957 412 1106 452 vocanti,

153 458 266 499 Quam
284 463 425 503 propter
442 463 557 492 tantos
575 459 673 503 potui
691 458 840 501 perferre
857 457 998 501 labores,

152 504 198 537 Et
215 504 320 538 Pater
336 505 563 548 omnipotens,
581 509 615 538 ct
633 508 672 537 tu
689 504 854 537 Saturnia
869 504 895 538 J
899 516 978 548 uno,

151 550 176 583 J
179 562 235 583 am
252 550 382 593 melior,
395 551 481 594 jam,
498 550 734 594 diva‚-prec0r,
753 553 861 593 tuque
878 549 1008 593 inclyte
1026 548 1172 591 Mavors,

152 596 287 629 Cuncta
304 600 365 629 tuo
383 595 443 639 qui
460 595 560 638 bella,
578 600 688 640 pater,
705 594 769 628 sub
787 594 930 627 numine
946 600 1085 638 torques
1100 607 1108 635 ;
1206 596 1271 628 180

154 641 361 686 Fontesque,
380 641 590 685 Fluviosque
607 652 699 679 voco,
718 651 864 684 quaeque
880 639 1036 674 AEtheris
1053 640 1119 674 alti

153 687 297 731 Religio,
315 691 350 720 et
369 698 444 731 quae
462 687 608 720 caeruleo
625 691 708 720 sunt
725 687 871 719 numina
889 692 1007 730 ponto.

151 733 298 766 Cesserit
315 733 469 766 Ausonio
487 733 514 766 si
532 733 601 766 fors
618 733 764 765 victoria,
781 732 908 774 Turno,

151 779 331 820 Convenit,
349 779 503 812 Evandri
521 779 629 812 victos
647 777 821 811 discedere
838 777 881 810 ad
900 777 1021 810 urbem
1039 789 1046 818 ;

151 824 256 858 Cedet
275 825 372 858 Iulus
389 825 482 868 agris
498 837 505 864 ;
532 835 594 857 nec
612 829 689 868 post
706 835 802 857 arma
820 823 892 856 ulla
909 822 1053 856 rebelles

150 870 316 904 AEneadae
333 870 493 912 referent,
512 870 644 903 ferrove
662 870 737 902 haec
753 881 861 912 regna
878 869 1057 903 lacessent.

150 915 210 949 Sin
230 921 385 949 nostrum
403 916 566 949 annuerit
584 915 681 948 nobis
700 915 853 948 Victoria
871 915 1080 957 Martem,—

150 961 199 995 Ut
217 963 333 1006 potius
350 973 434 1001 reor,
453 967 487 994 et
506 962 621 1006 potius
639 961 675 994 di
692 961 836 994 numine
852 961 1039 994 firment—

150 1007 228 1041 Non
246 1019 308 1051 ego
326 1019 389 1041 nec
407 1008 547 1040 Teucris
567 1007 674 1040 Italos
692 1018 810 1050 parere
823 1006 963 1050 jubebo,

149 1053 221 1087 Nec
239 1054 325 1086 mihi
343 1065 449 1096 regna
467 1058 546 1097 peto
562 1065 568 1086 τ
594 1052 735 1097 paribus
753 1064 788 1085 se
805 1052 939 1095 legibus
956 1051 1066 1085 ambae
1204 1054 1269 1086 190

150 1099 296 1133 Invictae
314 1104 434 1143 gentes
452 1104 583 1132 aeterna
600 1099 635 1131 in
654 1099 783 1131 foedera
799 1099 953 1131 mittant.

149 1145 254 1179 Sacra
271 1146 419 1188 deosque
436 1144 524 1178 dabo
539 1157 547 1185 ;
572 1156 666 1178 socer
683 1155 778 1177 arma
796 1143 942 1177 Latinus
959 1143 1085 1177 habeto
1099 1156 1108 1185 ;

150 1191 340 1235 Imperium
359 1191 508 1224 solemne
528 1202 641 1224 socer:
667 1190 755 1222 mihi
772 1190 899 1223 moenia
916 1190 1039 1223 Teucri

149 1237 381 1278 Constituent‚
399 1237 546 1280 urbique
564 1235 662 1269 dabit
680 1236 825 1268 Lavinia
842 1233 996 1269 nomen.”

149 1282 205 1316 Sic
223 1283 315 1327 prior
332 1282 460 1316 AEneas
475 1295 483 1323 ;
508 1282 665 1326 sequitur
682 1282 730 1314 sic
747 1281 872 1314 deinde
890 1281 1037 1315 Latinus

149 1328 348 1372 Suspiciens
365 1328 501 1370 coelum,
520 1328 702 1371 tenditque
720 1327 764 1361 ad
782 1327 894 1360 sidera
910 1327 1091 1361 dextram:

152 1376 171 1390 ‘⁸
186 1376 271 1407 Haec
288 1372 420 1414 eadem,
439 1373 557 1414 AEnea,
575 1373 724 1413 Terram,
743 1372 849 1415 Mare,
867 1373 996 1415 Sidera,
1008 1373 1099 1416 juro,

150 1415 361 1460 Latonaeque
378 1427 488 1459 genus
506 1415 648 1460 duplex,
665 1416 690 1449 J
693 1427 868 1460 anumque
886 1415 1083 1458 bifrontem,

150 1461 300 1505 Vimque
317 1462 422 1495 deum
439 1462 611 1495 infernam
629 1466 664 1495 et
682 1461 760 1494 duri
778 1461 928 1495 sacraria
946 1461 1037 1495 Ditis
1052 1474 1060 1502 ;

149 1508 282 1541 Audiat
299 1508 373 1541 haec
392 1508 544 1550 Genitor,
562 1507 622 1551 qui
640 1507 769 1540 foedera
785 1507 933 1540 fulmine
951 1507 1063 1541 sancit
1078 1519 1086 1548 ;
1200 1510 1268 1542 200

149 1553 268 1597 Tango
285 1565 361 1587 aras
377 1566 384 1594 3
409 1553 540 1586 medios
558 1553 654 1596 ignes
673 1558 707 1586 et
725 1553 870 1586 numina
887 1558 1015 1587 testor:

148 1599 256 1632 Nulla
273 1600 345 1632 dies
364 1610 484 1643 pacem
502 1599 592 1632 hane
611 1599 719 1641 Italis,
737 1610 800 1632 nec
817 1599 948 1632 foedera
963 1602 1113 1644 rumpet,

149 1644 224 1685 Quo
242 1656 294 1678 res
312 1656 459 1689 cumque
477 1645 602 1678 cadent
618 1657 625 1684 ;
651 1656 714 1677 neo
730 1656 785 1677 me
802 1646 854 1677 vis
872 1644 945 1677 ulla
962 1644 1136 1678 volentem

149 1690 292 1724 Avertet
308 1703 315 1727 ς
341 1702 420 1733 non,
439 1691 465 1724 si
484 1690 645 1723 tellurem
663 1690 820 1723 effundat
838 1690 874 1722 in
891 1690 1012 1732 undas,

149 1735 289 1769 Diluvio
305 1737 462 1779 miscens,
480 1736 674 1780 coelumque
691 1737 728 1769 in
746 1736 890 1769 Tartara
906 1735 1038 1770 solvat:
