1330 1932
423 47 643 82 AENEIDOS
667 48 753 82 LIB.
781 48 822 82 V.
1114 48 1179 83 179

61 117 231 152 Ductores
247 116 349 160 longe
365 115 533 159 effulgent
550 118 710 158 ostroque
726 114 864 156 decori,
855 126 864 135 ·

61 163 184 197 Cetera
199 162 350 207 populea
365 161 502 195 velatur
517 161 640 194 fronde
651 162 832 205 juventus,

60 209 289 252 Nudatosque
305 208 467 241 humeros
484 207 557 240 oleo
575 207 716 250 perfusa
732 206 882 240 nitescit.

62 255 253 288 Considunt
269 253 440 297 transtris,
456 253 662 296 intentaque
678 251 821 285 brachia
836 252 960 286 remis:

61 300 198 334 Intenti
214 303 419 344 exspectant
435 298 584 342 signum,
602 298 885 341 exsultantiaque
902 297 1021 331 haurit

62 346 172 380 Corda
188 357 296 390 pavor
311 345 464 389 pulsans,
482 344 697 397 laudumque
712 349 846 377 arrecta
863 343 999 388 cupido.

62 392 150 426 Inde
166 392 226 426 ubi
243 391 337 424 clara
352 390 449 424 dedit
466 390 619 424 sonitum
636 390 732 433 tuba,
748 389 876 422 finibus
894 400 1020 432 omnes,

61 437 169 471 Haud
185 448 291 480 mora,
308 436 497 480 prosiluere
514 436 605 470 suis:
630 436 712 470 ferit
730 435 860 469 aethera
877 436 1006 469 clamor
1117 437 1182 469 140

61 483 257 517 Nauticus·
249 509 258 524 ‚
283 482 445 516 adductis
462 485 627 526 spumant
643 482 734 515 freta
750 493 849 514 versa
865 481 1013 516 lacertis.

63 529 249 562 Infindunt
264 528 396 573 parit-er
413 528 534 570 sulcos,
552 532 735 571 totumque
752 527 900 560 dehiscit

63 575 277 609 convulsum
292 574 396 607 remis
412 574 600 617 rostrisque
617 573 829 606 tridentibus
847 584 970 616 aequor.

62 620 143 654 Non
160 625 234 654 tam
250 620 446 665 praecipites
462 619 582 663 bijugo
598 619 788 652 certamine
805 630 968 662 campum

65 666 267 719 Corripuere
283 670 472 718 ruuntque
480 665 580 698 effusi
597 676 731 698 carcere
748 676 892 705 currus3

63 712 97 745 N
100 724 138 746 ec
155 713 203 745 sic
219 711 382 744 immissis
398 711 529 763 aurigae
546 711 718 744 undantia
733 710 807 744 lora

65 757 298 791 Concussere
284 757 390 800 =mgis,
407 757 575 808 pronique
591 757 629 789 in
645 756 788 789 verbera
804 756 967 800 pendent.

65 803 154 836 Tum
169 803 296 847 plausu
311 803 523 846 fremituque
540 802 656 835 virum
672 801 865 846 studiisque
882 802 1064 835 faventum

65 849 236 882 Consonat
253 859 353 881 omne
369 859 501 891 nemus,
519 859 706 891 vocemque
722 847 858 881 inclusa
874 847 1037 881 volut-ant

63 894 181 928 Litora
195 907 203 935 ;
228 894 359 938 pulsati
376 893 479 926 colles
497 893 645 927 clamore
661 893 844 927 resultant.
1117 896 1184 928 150

63 939 144 973 Effu
146 941 199 984 git
215 944 297 973 ante
313 939 409 982 alios,
426 939 616 983 primisque
632 939 783 973 elabitur
798 939 902 972 undis

63 952 216 1019 Turbam
231 986 324 1019 inter
335 966 583 1038 fremitumque
601 986 714 1029 Gyas,
737 997 840 1029 quem
854 985 979 1019 deinde
993 985 1184 1020 Cloanthus

65 1031 303 1076 Consequitur,
319 1031 440 1065 melior
456 1032 582 1072 remis3
607 1032 666 1064 sed
683 1031 834 1075 pondere
850 1031 954 1075 pinus

64 1077 178 1111 Tarda.
194 1082 300 1112 tenet.
349 1077 432 1111 Post
448 1077 510 1111 hos
527 1089 627 1121 aequo
644 1077 842 1110 discrimine
859 1077 982 1111 Pristis

65 1123 327 1167 Centaurusque
342 1123 458 1156 locum
474 1123 626 1157 tendunt
643 1135 804 1167 superare
820 1123 987 1176 priorem;

63 1169 111 1203 Et
127 1181 221 1203 nunc
238 1169 360 1202 Pristis
377 1169 492 1212 habet,
509 1181 603 1203 nunc
619 1169 750 1202 victam
766 1169 923 1213 praeterit
939 1170 1062 1213 ingens

65 1215 280 1256 Centaurus,
273 1228 280 1235 ·
304 1227 399 1248 nunc
416 1226 487 1248 una
503 1215 612 1248 ambae
625 1215 826 1259 junctisque
842 1215 1005 1248 feruntur

65 1261 261 1303 Frontibus,
280 1265 315 1294 et
331 1261 436 1304 longa
453 1261 590 1294 sulcant
607 1260 697 1294 vada
714 1261 804 1294 salsa
821 1261 947 1294 carina.

65 1307 218 1351 Jamque
234 1306 516 1351 propinquabant
533 1306 682 1359 scopulo,
699 1311 900 1359 metamque
914 1306 1103 1341 tenebant:

67 1352 154 1386 Cum
172 1353 332 1397 princeps
348 1352 530 1396 medioque
549 1352 666 1396 Gyas
656 1364 694 1385 m
711 1353 850 1396 gurgite
867 1352 978 1386 victor
1118 1355 1184 1387 160

66 1398 248 1432 Rectorem
264 1399 364 1432 navis
381 1398 567 1442 compellat
583 1410 666 1432 voce
681 1398 880 1432 Menoeten:

66 1444 173 1484 “Quo
191 1447 331 1477 tantum
346 1443 435 1476 mihi
451 1444 572 1476 dexter
589 1443 662 1476 abis
678 1443 690 1476 2
715 1443 784 1477 huc
801 1444 912 1487 dirige
928 1454 1082 1487 gressum
1096 1456 1106 1485 ;

67 1489 166 1522 Litus
183 1500 271 1530 ama,
290 1494 325 1522 et
342 1489 444 1522 laevas
462 1489 611 1532 stringat
627 1489 700 1522 sine
717 1489 872 1532 palmula
889 1493 1005 1523 cautes
1021 1501 1031 1530 ;

67 1534 188 1567 Altum
205 1535 266 1567 alii
283 1535 456 1567 teneant.’'
503 1535 612 1567 Dixit.
661 1534 728 1568 Sed
746 1546 836 1568 caeca
852 1535 1020 1568 Menoetes

69 1579 162 1613 Saxa
180 1580 305 1613 timens
323 1592 459 1624 proram
472 1580 587 1623 pelagi
604 1580 786 1624 detorquet
803 1580 847 1613 ad
864 1580 986 1613 undas.

70 1625 89 1642 “
101 1625 174 1665 Quo
192 1625 347 1659 diversus
364 1625 438 1659 abis
454 1625 488 1659 3⁷⁷
512 1626 658 1659 iterum:
684 1626 703 1642 “
715 1630 794 1670 pete
811 1637 904 1668 saxa,
921 1624 1104 1668 Menoete,'’

71 1670 157 1703 Cum
173 1671 319 1704 clamore
337 1672 428 1714 Gyas
444 1671 648 1712 revocabat3
675 1676 709 1705 et
727 1682 803 1704 ecce
822 1671 1038 1704 Cloanthum

72 1715 228 1760 Respicit
243 1717 433 1750 instantem
450 1721 546 1761 tergo
563 1721 598 1751 et
614 1717 773 1761 propiora
789 1721 977 1750 tenentem.

1248 1862 1257 1870 .

1303 0 1330 1932 fflzzm
