1320 1932
432 93 652 128 AENEIDOS
678 95 764 129 LIB.
791 95 872 130 XII.
1151 99 1218 130 363

93 160 184 194 Nam
202 160 286 205 quid
303 173 368 205 ago
385 161 397 194 ’ἔ
423 165 486 195 aut
503 173 580 205 quae
594 163 669 206 jam
687 163 833 206 spondet
850 163 992 197 fortuna
1010 163 1159 197 salutem
1173 163 1186 197 2

94 206 176 239 Vidi
194 207 308 240 oculos
326 211 408 240 ante
425 207 496 250 ipse
514 219 606 241 meos
622 220 677 241 me
695 220 776 241 voce
793 214 975 242 vocantem

93 251 310 295 Murranum,
329 264 396 296 quo
414 264 484 286 non
501 258 642 297 superat
657 254 745 286 mihi
763 254 873 287 carior
889 255 986 297 alter,

94 297 265 342 Oppetere
281 299 461 341 ingentem
478 303 584 342 atque
601 299 737 342 ingenti
754 300 897 333 vulnere
915 301 1057 334 victum.
1150 303 1217 334 640

95 343 231 377 Occidit
248 344 383 387 infelix,
400 356 444 377 ne
462 349 619 377 nostrum
636 345 785 379 dedecus
805 346 912 379 Ufens

92 390 271 433 Aspiceret
289 402 296 430 ;
322 390 445 423 Teucri
463 391 648 434 potiuntur
664 402 803 435 corpore
822 395 857 425 et
874 392 987 426 armis.

92 434 304 468 Exscindine
322 435 449 478 domos,
467 436 503 468 id
520 436 621 469 rebus
639 437 752 470 defuit
769 449 890 479 unum,

93 480 271 525 Perpetiar
285 481 297 514 ’ἒ
324 481 448 514 dextra
465 493 528 515 nec
546 482 692 515 Drancis
710 483 804 516 dicta
820 483 978 517 refellam
995 483 1007 517 ’.ἱ

92 526 203 570 Terga
221 526 308 560 dabo
325 526 337 560 ’ἒ
363 531 398 560 et
415 527 571 560 Turnum
589 528 783 571 fugientem
800 529 874 562 haec
891 534 983 562 terra
1000 530 1133 563 videbit
1149 529 1161 563 ἶ

93 572 211 616 Usque
227 573 358 606 adeone
375 573 463 606 mori
481 573 644 606 miserum
662 578 714 607 est
728 574 740 607 2
765 586 824 607 vos
842 586 860 608 0
877 575 965 608 mihi
982 575 1106 609 Manes

91 618 173 651 Este
190 618 271 651 boni
286 630 292 651 :
319 619 482 662 quoniam
500 619 632 663 superis
649 631 768 653 aversa
785 621 957 654 voluntas.

91 663 220 697 Sancta
237 664 282 697 ad
300 676 358 697 vos
377 665 504 707 anima,
522 669 627 708 atque
644 665 745 699 istius
763 666 871 700 inscia
889 667 1000 711 culpae

91 709 316 753 Descendam,
333 722 538 754 magnorum
556 711 651 744 haud
668 723 823 755 unquam
841 712 1006 756 indignus
1023 710 1197 746 avorum.’'

139 756 208 788 Vix
225 766 266 788 ea
281 756 376 789 fatus
394 760 468 789 erat
482 768 488 789 :
513 757 643 790 medios
661 757 756 790 volat
773 769 850 791 ecce
867 770 927 802 per
945 759 1058 791 hostes
1147 761 1214 792 650

92 801 221 834 Vectus
240 812 327 845 equo
345 806 530 845 spumante
547 802 658 846 Saces,
676 803 820 836 adversa
837 804 966 847 sagitta

91 847 237 880 Saucius
254 858 323 890 ora,
340 847 480 891 ruitque
499 848 686 891 implorans
702 849 842 882 nomine
859 850 1017 882 Turnum
1035 862 1041 883 τ

95 895 112 912 “
124 894 248 935 Turne,
266 894 302 926 in
320 896 354 926 te
372 904 531 937 suprema
548 893 640 926 salus
657 906 665 934 ς
690 895 850 929 miserere
868 900 1018 931 tuorum.

92 936 273 970 Fulminat
290 936 417 969 AEneas
434 936 549 979 armis,
568 948 787 980 summasque
803 937 960 970 minatur

90 983 315 1026 Dejecturum
333 993 426 1015 arces
445 982 585 1024 Italum,
604 982 808 1026 excidioque
826 983 992 1016 daturum
1010 995 1018 1023 ;

90 1029 116 1062 J
117 1039 242 1071 amque
258 1028 350 1061 faces
367 1028 412 1061 ad
429 1032 522 1061 tecta
539 1028 668 1062 volant.
717 1028 761 1061 In
779 1033 814 1061 te
831 1040 891 1062 ora
909 1029 1035 1071 Latini,

94 1075 136 1107 In
154 1078 189 1108 te
206 1074 321 1107 oculos
337 1074 492 1107 referunt
506 1085 512 1107 :
538 1078 671 1107 mussat
688 1085 749 1107 rex
768 1074 844 1118 ipse
861 1075 1017 1117 Latinus,

91 1120 184 1161 Quos
200 1131 342 1163 generos
360 1123 467 1162 vocet,
485 1123 548 1153 aut
567 1131 644 1164 quae
662 1131 732 1153 sese
750 1121 794 1153 ad
812 1120 941 1154 foedera
958 1120 1085 1154 flectat.

90 1166 264 1199 Praeterea
280 1165 411 1209 regina,
429 1165 484 1198 tui
497 1165 673 1209 fidissima,
691 1166 816 1199 dextra

91 1212 228 1245 Occidit
244 1211 320 1256 ipsa
338 1223 408 1253 sua,
426 1211 608 1255 lucemque
626 1212 794 1245 exterrita
809 1212 914 1256 fugit.
1143 1215 1212 1246 660

90 1258 162 1291 Soli
178 1269 239 1301 pro
256 1257 364 1301 portis
384 1257 564 1301 Messapus
582 1261 617 1291 et
634 1269 713 1291 acer
729 1258 854 1291 Atinas

91 1303 299 1337 Sustentant
317 1303 435 1336 aciem.
479 1303 617 1336 Circum
634 1303 695 1337 hos
712 1304 889 1347 utrimque
906 1303 1097 1348 phalanges

90 1349 194 1383 Stant
212 1349 338 1392 densae,
358 1349 556 1392 strictisque
574 1360 669 1393 seges
685 1349 909 1382 mucronibus
927 1350 1043 1383 horret

91 1396 217 1429 Ferrea
231 1407 238 1429 :
264 1399 304 1428 tu
321 1406 461 1427 currum
479 1395 613 1428 deserto
630 1396 667 1428 in
683 1396 840 1438 gramine
858 1396 1002 1429 versaS.''

91 1441 281 1485 Obstupuit
298 1441 395 1475 varia
412 1440 575 1474 confusus
592 1441 744 1484 imagine
762 1453 878 1474 rerum

90 1487 239 1529 Turnus,
257 1491 291 1521 et
308 1487 435 1520 obtutu
452 1487 559 1519 tacito
577 1487 684 1520 stetit.
725 1487 868 1520 AEstuat
885 1487 1008 1531 ingens

91 1534 167 1566 Uno
184 1533 222 1566 in
239 1533 339 1566 corde
356 1533 476 1576 pudor,
494 1532 675 1576 mixtoque
691 1533 828 1566 insania
844 1533 954 1577 luctu,

90 1579 137 1612 Et
154 1579 269 1612 Furiis
287 1579 441 1622 agitatus
459 1590 564 1620 amor,
582 1583 617 1612 et
634 1579 769 1612 conscia
787 1579 907 1613 virtus.

90 1625 139 1658 Ut
155 1625 308 1669 primum
325 1625 486 1657 discussae
503 1624 644 1667 umbrae,
663 1629 698 1658 et
715 1625 779 1658 lux
795 1625 932 1658 reddita
948 1625 1069 1668 menti,

89 1671 261 1704 Ardentes
278 1670 456 1704 oculorum
474 1670 570 1704 orbes
588 1671 631 1704 ad
648 1671 777 1704 moenia
795 1671 896 1704 torsit
1140 1671 1208 1706 670

90 1716 272 1759 Turbidus,
291 1728 377 1761 eque
394 1717 478 1750 rotis
494 1728 659 1761 magnam
674 1717 828 1761 respexit
845 1717 889 1750 ad
907 1716 1036 1751 urbem.

91 1763 179 1796 Ecce
196 1766 323 1804 autem,
340 1762 488 1796 flammis
505 1763 597 1796 inter
614 1763 773 1797 tabulata
790 1763 930 1797 volutus
