1345 1927
60 61 127 93 228
370 60 406 95 P.
425 61 628 96 VIRGILII
653 62 867 99 MARONIS

61 129 140 170 Ipse
156 126 332 161 ferebatur
349 128 479 162 Phoebo
496 141 645 164 sacrasse
662 130 817 173 Latinus,

58 173 312 216 Laurentisque
329 173 372 207 ab
389 186 430 208 ea
446 185 572 208 nomen
589 176 741 220 posuisse
759 177 896 210 colonis.

59 219 178 263 Hujus
194 230 274 262 apes
291 231 465 253 summum
482 221 604 264 densae,
622 221 780 255 mirabile
797 222 904 266 dictu,

59 264 212 298 Stridore
229 265 364 308 ingenti
381 265 555 310 liquidum
574 271 669 300 trans
686 267 817 301 aethera
834 274 952 310 vectae,

59 310 228 344 Obsederc
245 311 378 354 apicem
395 324 403 352 ;
428 315 473 354 et,
490 312 635 356 pedibus
653 324 713 356 per
729 317 854 346 mutua
871 313 980 356 nexis,

57 355 215 390 Examen
233 355 388 389 subitum
404 368 499 390 ramo
515 358 697 391 frondente
715 358 889 402 pependit.

57 401 230 434 Continuo
248 405 354 442 vates,
373 402 598 434 “Externum
617 401 820 444 cernimus‚”
839 403 965 447 inquit,

57 446 287 479 “Adventare
305 446 430 488 virum,
448 449 483 479 et
500 450 615 490 partes
632 451 750 490 petere
766 459 891 491 agmen
909 449 1046 483 easdem

58 491 220 524 Partibus
238 503 281 525 ex
299 491 418 528 isdem,
436 496 471 524 et
488 502 623 524 summa
639 492 848 526 dominarier
865 493 977 528 arce.”
1130 490 1173 523 70

56 536 238 580 Praeterea,
256 537 359 569 castis
376 536 492 569 adolet
509 537 593 569 dum
610 537 736 570 altaria
753 538 863 581 taedis,

55 582 105 615 Ut
117 584 224 627 juxta
240 583 433 626 genitorem
449 582 728 620 adstatLavinia
745 583 852 626 virgo,

56 628 148 671 Visa,
166 628 264 661 nefas
279 629 285 661 !
312 627 424 670 longis
441 627 684 671 comprendere
702 628 854 661 crinibus
871 628 998 671 ignem,

54 673 170 718 Atque
187 684 325 707 omnem
342 676 504 706 ornatum
520 672 661 706 flamma
678 673 872 717 crepitante
889 673 1043 717 cremari,

55 719 270 763 Regalesque
287 730 430 752 accensa
447 730 569 761 comas,
587 730 730 752 accensa
747 730 917 762 coronam,

54 765 234 808 Insignem
250 765 394 808 gemmis
409 777 418 805 ;
443 767 520 797 tum
536 764 671 797 fumida
688 764 820 797 lumine
837 764 935 798 fulvo

54 810 201 854 Involvi‚
218 822 259 844 ac
276 810 359 843 totis
377 809 574 843 Vulcanum
592 821 752 853 spargere
769 810 880 844 tectis.

54 856 96 889 Id
113 868 193 891 vero
210 855 421 889 horrendum
438 867 478 889 ac
495 855 573 888 visu
588 855 747 888 mirabile
763 855 845 888 ferri
861 867 867 889 :

52 901 213 946 Namque
228 902 301 935 fore
318 901 490 935 illustrem
506 901 600 934 fama
616 901 767 944 fatisque
785 900 958 934 canebant

53 947 173 991 Ipsam
187 960 196 989 ;
221 947 279 980 sed
297 946 424 991 populo
441 957 608 989 magnum
625 946 829 990 portendere
846 946 986 980 bellum.
1128 949 1172 980 80

51 993 101 1026 At
117 1004 179 1026 rex
196 992 364 1026 sollicitus
381 992 544 1025 monstris
562 992 701 1025 oracula
718 991 842 1035 Fauni,

52 1038 203 1072 Fatidici
221 1038 397 1082 genitoris,
414 1037 498 1080 adit,
516 1037 681 1080 lucosque
699 1037 761 1070 sub
779 1037 852 1070 alta

52 1084 210 1118 Consulit
227 1083 407 1116 Albunea:
432 1094 613 1116 nemorum
630 1094 706 1126 quae
723 1083 878 1116 maxima
894 1093 989 1116 sacro

51 1129 163 1163 Fonte
181 1133 290 1172 sonat,
308 1139 502 1172 saevamque
519 1128 662 1161 exhalat
679 1139 785 1171 opaca
802 1128 995 1172 mephitim.

52 1174 147 1208 Hinc
165 1175 266 1208 Italae
282 1178 413 1218 gentes,
430 1174 609 1217 omnisque
627 1173 787 1206 OEnotria
804 1173 918 1216 tellus,

51 1220 94 1253 In
112 1220 227 1254 dubiis
243 1230 405 1264 responsa
421 1222 557 1263 petunt.
606 1219 687 1252 Huc
704 1218 794 1251 dona
811 1219 965 1252 sacerdos

52 1266 167 1307 Quum
184 1265 278 1307 tulit,
295 1269 331 1298 et
348 1276 514 1298 caesarum
530 1264 648 1298 ovium
665 1263 728 1297 sub
746 1269 846 1297 nocte
864 1264 981 1297 silenti

51 1311 205 1344 Pellibus
222 1310 385 1344 incubuit
402 1310 528 1352 stratis,
547 1320 750 1353 somnosque
767 1310 894 1353 petivit
910 1321 917 1342 ε

51 1356 169 1390 Multa
184 1356 295 1390 modis
313 1356 498 1389 simulacra
514 1355 610 1389 videt
628 1355 813 1388 volitantia
829 1355 935 1398 miris,

50 1402 97 1436 Et
114 1402 226 1436 varias
243 1401 344 1435 audit
360 1412 468 1445 voces,
485 1400 684 1443 fruiturque
701 1400 844 1433 deorum
1047 1434 1050 1436 ,
1126 1403 1171 1435 90

51 1448 236 1491 Colloquio‚
254 1450 359 1491 atque
375 1447 454 1479 imis
471 1446 669 1479 Acheronta
686 1444 814 1479 affatur
830 1445 985 1480 Avernis.

50 1493 119 1526 Hic
136 1497 173 1526 et
189 1497 266 1526 tum
284 1496 382 1536 pater
398 1492 471 1536 ipse
489 1496 609 1536 petens
625 1502 788 1534 responsa
805 1491 952 1524 Latinus

50 1539 199 1572 Centum
215 1538 387 1582 lanigeras
403 1536 581 1570 mactabat
596 1536 663 1570 rite
680 1536 848 1580 bidentes,

48 1583 166 1626 Atque
183 1584 308 1617 harum
325 1583 468 1616 effultus
486 1586 582 1626 tergo
600 1582 787 1625 stratisque
799 1581 940 1625 jacebat

49 1628 244 1662 Velleribus
260 1641 266 1662 :
293 1628 408 1662 subita
425 1640 468 1661 ex
485 1628 556 1661 alto
574 1639 641 1661 vox
658 1628 796 1660 reddita
812 1627 890 1661 luco
907 1630 959 1660 est
973 1638 982 1661 ε

52 1672 73 1690 “
86 1672 138 1705 Ne
155 1677 234 1716 pete
251 1672 433 1707 connubiis
451 1676 572 1706 natam
590 1672 724 1706 sociare
741 1672 884 1715 Latinis,

55 1718 81 1752 O
101 1729 176 1751 moa
194 1719 383 1762 progenies,
403 1718 569 1752 thalamis
587 1729 654 1752 neu
673 1717 772 1752 crede
789 1717 918 1762 paratis
935 1729 943 1759 ;
