1340 1968
306 197 348 232 P.
372 196 651 233 VIRGILII
694 196 978 232 MARONIS

166 293 1122 352 BUCOLICON

536 407 754 442 LIBER.

564 519 736 527 ummw=

401 592 580 628 ECLOGA
606 593 632 627 Ι,
681 590 892 624 TITYRUS.

449 684 652 707 MELIBOEUS.
679 683 848 706 TITYRUS.

118 735 213 770 MEL.
239 736 393 778 TITYRE,
412 740 452 769 tu
469 737 599 780 patulae
617 736 785 769 recubans
804 736 867 769 sub
884 735 1037 779 tegmine
1056 734 1130 778 sagi

88 781 289 815 Silvestrem
307 782 406 814 tenui
424 782 562 814 Musam
579 782 758 815 meditaris
776 793 908 815 avena:

88 828 158 861 Nos
176 828 300 872 patriae
318 827 403 860 fines
422 831 456 860 et
475 827 594 861 dulcia
610 828 802 871 linquimus
820 838 904 860 arva
917 839 926 868 3

88 874 158 907 Nos
176 874 327 917 patriam
343 873 498 916 fugimus
513 885 520 906 :
547 877 596 916 tu,
615 873 743 917 Tityre,
761 873 877 906 lentus
895 873 932 905 in
950 873 1075 906 umbra

89 919 287 952 Formosam
303 930 461 952 resonare
480 919 579 952 doces
597 919 815 962 Amaryllida
834 919 946 952 silvas.

120 965 198 998 TIT.
225 964 252 998 Ο
271 964 441 1007 Meliboee,
460 965 544 998 deus
561 965 659 998 nobis
676 965 750 998 haec
768 965 839 998 otia
856 965 958 998 fecit:

89 1010 248 1055 Namque
265 1011 331 1044 erit
347 1011 406 1043 ille
421 1011 509 1043 mihi
527 1023 660 1055 semper
677 1011 781 1052 deus3
806 1011 900 1043 illius
918 1021 1014 1043 aram

89 1056 186 1101 Saepe
203 1063 301 1090 tener
317 1057 443 1090 nostris
457 1057 500 1089 ab
517 1057 665 1090 ovilibus
682 1057 816 1090 imbuet
833 1067 954 1100 agnus.

91 1102 155 1135 Ille
172 1114 266 1135 meas
283 1113 396 1135 errare
412 1102 524 1146 boves,
541 1107 583 1136 ut
600 1103 720 1145 cernis,
738 1107 773 1135 ef,
790 1103 906 1146 ipsum

90 1148 232 1191 Ludere,
250 1160 328 1192 quae
345 1149 480 1192 vellem,
499 1149 630 1182 calamo
648 1149 806 1193 permisit
823 1147 961 1192 agresti.
1174 1149 1216 1179 lo

113 1194 207 1228 MEL.
225 1194 305 1227 Non
321 1194 482 1238 equidem
499 1194 657 1235 invideo3
682 1195 788 1227 miror
803 1194 915 1237 magis
933 1206 940 1227 ε
959 1193 1115 1237 undique
1134 1194 1216 1226 totiz

91 1239 207 1283 Usque
226 1240 311 1273 adeo
328 1240 491 1273 turbatur
509 1241 609 1284 agris.
651 1241 716 1283 En,
733 1240 807 1284 ipse
825 1239 974 1284 capellas

92 1285 260 1318 Protenus
279 1297 370 1329 aeger
387 1297 451 1329 ago
466 1299 475 1327 ;
500 1287 590 1319 hanc
609 1287 715 1319 etiam
732 1287 802 1328 vix,
821 1286 949 1329 Tityre,
967 1285 1066 1318 duco.

92 1331 161 1364 Hic
177 1331 269 1364 inter
286 1332 408 1364 densas
426 1332 558 1373 corulos
574 1333 676 1365 modo
693 1343 844 1375 namque
861 1331 1036 1375 gemellos,

91 1376 196 1421 Spem
212 1377 335 1420 gregis,
346 1377 398 1412 ,ah
413 1380 420 1413 !
449 1378 543 1411 silice
560 1378 598 1410 in
614 1378 710 1411 nuda
727 1377 877 1410 connixa
894 1376 1046 1420 reliquit.

92 1422 188 1467 Saepe
204 1423 338 1456 malum
354 1423 419 1456 hoc
435 1423 543 1467 nobis,
563 1424 591 1456 si
606 1435 704 1456 mens
721 1435 791 1456 non
807 1423 895 1456 laeva
912 1423 1046 1465 fuisset,

91 1468 144 1501 De
160 1468 244 1502 coelo
261 1473 372 1502 tactas
389 1469 532 1502 memini
549 1470 734 1513 praedicere
751 1480 906 1513 quercus.

95 1514 208 1558 [Saepe
226 1515 366 1548 sinistra
383 1526 468 1548 cava
484 1515 649 1559 praedixit
666 1515 710 1548 ab
726 1515 804 1548 ilice
822 1513 969 1558 cornix]

93 1560 159 1593 Sed
176 1564 304 1603 tamen,
321 1561 387 1594 iste
405 1561 488 1594 deus
506 1561 566 1604 qui
586 1561 640 1604 sib,
659 1561 712 1604 da,
731 1561 860 1604 Tityre,
877 1560 984 1593 nobis.

124 1606 201 1640 TIT.
227 1606 365 1650 Urbem,
383 1618 487 1650 quam
505 1607 627 1640 dicunt
646 1607 800 1649 Romam,
819 1606 989 1648 Meliboee,
1007 1606 1131 1650 putavi
1173 1608 1221 1641 20

93 1651 230 1685 Stultus
247 1663 310 1696 ego
327 1653 409 1685 huic
426 1657 551 1686 nostrae
570 1653 727 1696 similem,
745 1664 813 1696 quo
831 1663 921 1696 saepe
940 1651 1088 1685 solemus

94 1697 252 1731 Pastores
269 1699 386 1731 ovium
403 1702 539 1732 teneros
556 1699 728 1743 depellere
743 1699 846 1732 fetus.

94 1742 150 1776 Sic
167 1743 310 1777 canibus
327 1744 459 1778 catulos
478 1745 615 1788 similes,
634 1745 682 1777 sie
698 1744 870 1778 matribus
886 1743 1004 1778 haedos

641 1801 661 1823 Β
