1345 1927
137 105 204 138 364
450 103 488 138 Ρ.
514 102 717 136 VIRGILII
744 101 960 136 MARONIS

137 170 192 203 Ad
210 169 337 204 coelum
354 169 513 203 undabat
530 174 661 213 vertex,
680 169 876 212 turrimque
894 167 1036 202 tenebat
1051 179 1060 207 ;

137 215 286 258 Turrim,
303 216 492 260 compactis
510 215 665 249 trabibus
683 226 788 259 quam
806 215 976 248 eduxerat
993 213 1076 257 ipse,

138 261 418 305 Subdideratque
435 266 538 304 rotas,
556 267 746 305 pontesque
764 261 974 294 instraverat
991 259 1088 292 altos

139 308 158 324 ‘⁶
172 306 196 340 J
199 318 255 340 arn
267 308 342 349 jam
360 308 443 348 fata,
461 317 562 348 soror,
580 310 746 350 superant
764 318 772 347 ;
797 305 925 339 absiste
942 304 1068 337 morari
1085 315 1094 345 ;

140 350 217 391 Quo
235 350 319 384 deus
336 355 371 384 et
389 362 455 394 quo
473 351 561 384 dura
579 355 678 384 vocat
695 351 847 393 fortuna,
865 361 1062 393 sequamur.

139 396 217 430 Stat
234 397 389 430 conferre
406 408 550 430 manum
571 397 698 440 AEneae,
717 401 797 439 stat,
816 395 988 440 quidquid
1005 394 1120 428 acerbi
1137 397 1200 437 est,

141 442 255 476 Morte
274 442 348 486 pati
364 455 372 483 ;
397 453 461 476 nec
478 454 533 476 me
551 443 755 485 indecorem,
774 453 949 485 germana,
968 440 1101 475 videbis

141 488 312 532 Amplius.
357 488 472 531 Hunc,
491 499 556 530 oro,
574 488 648 521 sine
664 499 720 521 me
737 488 851 521 furere
868 491 950 521 ante
966 483 1147 521 furorem.''
1194 486 1261 519 680

143 533 255 577 Dixit,
273 538 308 567 et
326 545 344 567 e
361 544 465 566 curru
482 533 611 566 saltum
629 533 726 566 dedit
744 533 838 566 ocius
855 533 947 566 arvis
962 545 970 574 ;

142 579 276 624 Perque
294 579 419 622 hostes,
438 590 499 622 per
516 579 586 612 tela
598 579 697 619 'ruit;
722 583 949 623 maestamque
967 588 1116 612 sororem

141 625 287 668 Deserit,
304 636 344 658 ac
361 625 482 669 rapido
501 636 603 658 cursu
620 625 735 658 media
753 625 895 668 agmina
911 624 1053 668 rumpit.

140 671 192 704 Ac
210 671 320 704 veluti
337 671 464 704 montis
482 682 606 704 saxum
624 670 666 703 de
685 671 813 704 vertice
830 681 980 714 praeceps

142 716 259 757 Quum
276 717 358 759 ruit,
376 716 537 750 avulsum
554 721 667 758 vento,
686 728 746 749 seu
763 716 924 750 turbidus
942 715 1052 749 imber

142 762 288 805 Proluit,
305 767 369 796 aut
385 763 486 796 annis
504 762 607 795 solvit
625 761 787 806 sublapsa
804 766 980 803 vetustas3

141 808 268 842 Fertur
285 808 321 841 in
339 807 530 852 abruptum
547 819 674 852 magno
691 819 790 841 mons
807 807 983 852 improbus
999 811 1092 848 actu,

139 854 377 897 Exsultatque
395 854 474 897 solo,
493 854 606 895 silvas,
624 859 793 896 armenta,
811 854 971 897 virosque

141 899 327 933 Involvens
345 911 462 933 secum
476 912 482 933 :
509 900 654 943 disjecta
671 912 732 943 per
749 900 890 943 agmina.
907 900 1045 932 Turnus

143 944 199 979 Sic
219 944 310 979 urbis
328 946 399 978 ruit
417 946 461 979 ad
479 957 604 988 muros,
623 945 682 978 ubi
701 946 852 989 plurima
869 946 946 978 fuso
1195 945 1262 976 690

141 990 320 1034 Sanguine
339 996 431 1025 terra
447 992 576 1034 madet,
594 992 817 1035 striduntque
835 990 1020 1025 hastilibus
1037 1002 1130 1025 auree
1145 1003 1154 1031 ;

140 1036 389 1080 significatque
407 1049 523 1079 manu,
543 1042 577 1070 et
594 1049 720 1080 magno
739 1037 842 1070 simul
860 1037 985 1081 incipit
1002 1048 1076 1070 ore:

141 1082 159 1098 “
175 1081 311 1115 Parcite
323 1083 408 1125 jam,
430 1081 548 1114 Rutuli
568 1094 576 1122 3
602 1086 637 1115 et
656 1093 714 1115 vos
731 1082 801 1115 tela
817 1082 986 1125 inhibete,
1004 1082 1120 1116 Latini
1136 1095 1144 1123 ;

141 1126 378 1170 Quaecumque
395 1132 447 1160 est
464 1127 614 1170 fortuna,
632 1139 709 1160 mea
726 1133 778 1160 est
794 1139 802 1168 ;
828 1139 882 1161 me
901 1128 1014 1162 verius
1032 1139 1142 1162 unum

140 1172 206 1205 Pro
228 1173 319 1205 vobis
339 1172 451 1207 foedus
469 1173 573 1211 luere,
591 1179 626 1206 et
644 1174 827 1206 decernere
844 1174 964 1207 ferro.'’

141 1214 333 1248 Discessere
351 1226 468 1249 omnes
486 1216 602 1259 medii,
620 1217 842 1261 spatiumque
860 1217 993 1252 dedere.

188 1260 235 1293 At
253 1266 352 1304 pater
371 1262 506 1305 AEnea5‚
524 1263 645 1295 audito
663 1263 802 1296 nomine
819 1263 940 1306 Τωᾛὶ,

145 1305 278 1340 Deserit
295 1311 330 1340 et
347 1318 472 1350 muros,
491 1312 526 1341 et
543 1320 694 1342 summas
712 1309 839 1343 deserit
856 1321 970 1351 arces;

142 1351 416 1397 Praecipitatque
433 1365 545 1387 moras
563 1366 680 1388 omnes
695 1368 703 1396 3
729 1366 832 1399 opera
848 1356 965 1389 omnia
980 1355 1123 1400 rumpit,

141 1397 281 1432 Laetitia
299 1399 490 1442 exsultans,
509 1400 787 1444 horrendumque
804 1401 943 1435 intonat
959 1402 1063 1435 armis
1078 1413 1084 1435 :
1196 1403 1262 1436 700

142 1443 302 1484 Quantus
320 1445 439 1487 Athos,
458 1451 520 1478 aut
538 1451 690 1490 quantus
709 1447 814 1490 Eryx,
832 1452 895 1480 aut
911 1447 984 1491 ipse
1002 1447 1151 1481 coruscis

141 1488 258 1529 Quum
276 1490 394 1524 fremit
411 1490 549 1525 ilicibus
568 1496 730 1535 quantus,
748 1493 948 1537 gaudetque
966 1493 1075 1526 nivali

141 1534 289 1579 Vertice,
307 1547 342 1569 se
359 1537 523 1570 attollens
541 1542 640 1581 pater
657 1538 888 1582 Appenninus
905 1539 949 1572 ad
967 1550 1077 1573 auras.

139 1579 164 1614 J
166 1593 222 1613 am
242 1593 320 1615 vero
338 1587 373 1615 et
394 1582 518 1616 Rutuli
536 1584 708 1627 certatim,
725 1589 760 1618 et
777 1584 891 1627 Troes,
910 1589 945 1618 et
962 1596 1080 1619 omnes

139 1626 345 1661 Convertere
362 1628 478 1662 oculos
497 1629 590 1672 Itali,
608 1630 736 1673 quique
753 1630 826 1664 alta
843 1630 1010 1665 tenebant

139 1671 279 1715 Moenia,
298 1674 428 1717 quique
446 1675 532 1708 imos
550 1675 736 1718 pulsabant
754 1676 862 1710 ariete
879 1688 995 1710 muros
1011 1689 1019 1718 ;

138 1717 313 1761 Armaque
332 1719 519 1763 deposuere
537 1720 700 1755 humeris.
741 1721 868 1766 Stupet
887 1722 959 1766 ipse
976 1722 1133 1767 Latinus,

141 1763 314 1808 Ingentes,
332 1765 468 1809 genitos
486 1766 629 1800 diversis
648 1768 806 1811 partibus
824 1768 925 1812 orbis,
