1345 1927
148 68 214 100 316
454 66 494 101 P.
518 66 722 100 VIRGILII
747 65 917 100 MARON
919 65 962 100 IS

151 132 304 166 Transiit
315 136 350 167 et
367 144 523 178 parmam
539 144 667 176 mucro,
684 133 774 166 levia
790 144 886 166 arma
904 133 1060 177 minacis,

148 179 194 213 Et
212 180 376 222 tunicam,
393 179 490 212 molli
506 184 618 212 mater
634 190 739 222 quam
755 182 898 212 neverat
914 189 998 212 auro
1014 190 1023 219 ;

149 224 382 269 Implevitque
399 225 514 258 sinum
532 226 671 268 sanguis
686 237 694 265 ;
719 229 795 258 tum
812 225 885 258 vita
901 235 963 268 per
979 234 1078 258 auras

149 270 321 304 concessit
337 275 459 305 maesta
476 271 519 304 ad
536 281 664 313 manes,
682 281 873 314 corpusque
889 269 1040 314 reliquit.
1196 268 1263 302 820

148 315 195 349 At
212 327 292 350 vero
308 320 350 350 ut
367 316 504 350 vultum
522 316 611 350 vidit
628 316 805 349 morientis
823 319 857 348 et
874 327 942 357 ora,

149 361 217 395 Ora
233 362 343 396 modis
360 362 586 395 Anchisiades
603 361 772 406 pallentia
787 361 894 401 miris,

148 407 326 451 Ingemuit
343 408 508 441 miserans
524 408 686 450 graviter,
704 407 931 450 dextramque
947 405 1117 446 tetendit;

147 452 194 486 Et
210 458 362 486 mentem
379 453 500 497 patriae
518 453 659 486 strinxit
677 452 817 496 pietatis
834 452 957 496 imago.
1129 494 1136 501 .

152 498 169 515 “
183 497 272 538 Quid
289 497 355 530 tibi
371 509 475 539 nunc,
492 497 685 530 miserande
701 506 797 539 puer,
840 508 878 529 ro
896 495 1060 530 laudibus
1079 497 1167 536 istis,

150 540 242 582 Quid
258 542 337 586 pius
353 541 480 575 AEneas
498 545 597 575 tanta
614 542 712 576 dabit
728 541 810 575 indo
825 553 843 575 e
859 541 1005 585 dignum
1019 542 1032 574 3

149 587 265 628 Arma,
284 587 409 631 quibus
427 587 575 630 laetatus,
594 587 682 621 habe
699 592 761 621 tua
777 600 786 628 ;
810 592 914 631 teque
930 591 1116 631 parentum

152 632 315 666 Manibus
333 637 368 666 et
385 633 502 675 cineri,
521 633 549 665 si
566 644 635 676 qua
653 637 705 666 est
722 645 761 666 ea
778 645 870 675 cura,
886 632 1035 666 remitto.

152 678 229 711 Hoc
246 683 364 711 tamen
381 678 504 711 infelix
521 679 682 712 miseram
701 679 851 712 solabere
867 682 1012 712 mortem
1028 690 1034 711 :

153 721 271 754 AEneae
288 722 407 764 magni
425 722 548 755 dextra
566 723 692 757 cadis.”
743 723 905 767 Increpat
924 723 1016 756 ultro
1202 722 1270 755 830
1322 730 1323 755 1

149 765 361 799 Cunctantes
379 767 494 810 socios,
513 770 548 800 et
565 771 657 800 terra
674 767 834 801 sublevat
850 768 975 811 ipsum,

149 810 326 854 Sanguine
343 816 545 855 turpantem
563 818 692 846 comtos
710 813 752 846 de
768 825 862 846 more
879 813 1031 857 capillos.

195 857 334 890 Interea
350 858 486 901 genitor
504 858 656 891 Tiberini
673 859 718 892 ad
734 858 888 892 fluminis
905 859 1037 892 undam

151 901 304 936 Vulnera
321 903 471 936 siccabat
488 903 651 947 lymphis,
669 915 860 948 corpusque
876 904 1016 938 levabat

148 948 287 981 Arboris
304 948 447 982 acclinis
465 953 596 982 trunco.
645 949 771 983 Procul
789 961 877 983 aerea
892 950 998 983 ramis

149 994 332 1038 Dependet
348 994 457 1038 galea,
475 999 510 1028 et
527 1000 626 1038 prato
643 996 764 1038 gravia
781 1007 877 1028 arma
894 996 1088 1040 quiescunt.

148 1039 252 1073 Stant
269 1039 351 1073 lecti
368 1040 500 1073 circum
512 1042 660 1084 juvenes
675 1053 681 1073 :
707 1041 780 1085 ipse
798 1053 898 1084 aeger,
916 1041 1093 1084 anhelans,

149 1085 244 1119 Colla
260 1085 364 1128 fovet,
382 1086 480 1118 fusus
497 1097 686 1130 propexam
703 1087 740 1120 in
757 1092 895 1131 pectore
911 1086 1053 1120 barbam
1068 1099 1077 1127 ;

147 1130 265 1164 Multa
282 1142 383 1175 super
400 1131 512 1165 Lauso
529 1132 667 1175 rogitat,
685 1132 907 1176 multumque
922 1133 1082 1176 remittit,

149 1176 216 1217 Qui
233 1181 404 1219 revocent,
421 1178 601 1221 maestique
617 1178 733 1211 ferant
748 1179 915 1212 mandata
931 1179 1094 1222 parentis.
1199 1179 1267 1212 840

148 1222 196 1255 At
213 1222 363 1256 Lausum
383 1223 465 1256 socii
483 1224 678 1257 exanimem
696 1235 798 1268 super
815 1235 911 1258 arma
927 1223 1085 1258 ferebant

149 1267 297 1310 Flentes,
316 1269 503 1311 ingentem,
521 1273 626 1312 atque
643 1270 779 1313 ingenti
796 1270 940 1304 vulnere
956 1270 1099 1304 vietum.

149 1313 303 1357 Agnovit
319 1314 421 1357 longe
438 1315 607 1358 gemitum
624 1326 779 1359 praesaga
794 1316 880 1349 mali
895 1327 1002 1350 menS.

149 1358 320 1393 Canitiem
336 1360 448 1393 multo
465 1360 635 1394 deformat
651 1361 803 1405 pulvere,
821 1366 857 1395 et
873 1361 992 1395 ambas

148 1404 203 1437 Ad
221 1405 347 1438 coelum
363 1405 478 1439 tendit
494 1405 639 1450 paImaS‚
657 1412 691 1440 et
709 1417 848 1451 corpore
863 1407 1021 1442 inhaeret.

153 1452 170 1467 “
184 1450 340 1483 Tantane
357 1461 412 1484 me
429 1452 543 1484 tenuit
560 1453 710 1492 vivendi,
727 1459 817 1495 nate,
834 1453 1004 1496 voluptas,

149 1491 197 1525 Ut
214 1503 275 1536 pro
291 1504 347 1526 me
363 1493 481 1526 hostili
497 1498 634 1538 paterer
651 1495 831 1528 succedere
848 1496 991 1539 dextrae,

150 1537 260 1578 Quem
277 1539 382 1581 genui
396 1538 408 1572 2
432 1539 551 1573 Tuane
568 1540 643 1573 haee
659 1541 796 1584 genitor
811 1552 873 1585 per
889 1542 1035 1576 vulnera
1050 1553 1174 1586 servor,

149 1582 262 1617 Morte
278 1588 342 1617 tua
358 1584 503 1618 vivens?
528 1585 619 1628 Heu,
636 1597 730 1620 nune
747 1587 870 1620 misero
886 1587 974 1621 mihi
989 1588 1129 1622 demum

149 1628 323 1663 Exsilium
340 1629 464 1664 infelix
479 1632 486 1664 !
513 1642 606 1664 nunc
623 1631 693 1665 alte
710 1632 838 1666 vulnus
855 1633 1041 1670 adactum!
1197 1635 1265 1668 850

149 1673 247 1707 Idem
264 1686 336 1719 ego,
353 1680 444 1717 nate,
462 1680 564 1710 tuum
579 1677 754 1711 maculavi
771 1678 914 1712 crimine
930 1690 1065 1724 nomen,

149 1717 275 1754 Pulsus
292 1721 334 1755 ob
351 1721 520 1756 invidiam
537 1723 620 1757 solio
638 1724 850 1768 sceptrisque
864 1725 1029 1768 paternis.
