1345 1927
149 71 214 101 192
456 67 492 101 P.
518 66 724 101 VIRGILII
750 65 965 100 MARONIS

147 136 292 180 Accepit
311 135 431 177 Roma,
449 140 484 169 et
501 135 655 179 patrium
673 135 823 168 servavit
840 134 1006 168 honorem
1023 146 1031 175 ;

146 182 315 226 Trojaque
332 192 436 225 nunc,
453 181 551 226 pueri
569 181 757 224 Trojanum
775 180 905 213 dicitur
921 191 1059 223 agmen.

149 227 225 261 Hae
243 227 416 261 celebrata
433 232 535 261 tenus
553 232 672 260 sancto
689 226 881 260 certamina
898 225 998 270 patri.

196 274 262 307 Hic
279 274 432 318 primum
449 274 591 306 fortuna
608 272 711 305 fidem
727 276 866 305 mutata
882 271 1035 304 novavit.

147 317 240 352 Dum
258 320 361 353 variis
378 319 516 352 tumulo
532 318 689 352 referunt
707 317 873 351 solemnia
889 316 982 350 ludis
996 329 1004 358 ;

147 365 235 398 Irim
253 365 295 399 de
313 365 398 399 coelo
414 365 511 398 misit
527 363 692 398 Saturnia
709 363 735 396 J
736 374 806 396 uno

147 410 295 444 Iliacam
312 411 355 444 ad
373 411 526 453 classem,
544 414 735 453 ventosque
751 409 883 453 aspirat
900 408 1008 447 eunti,

145 456 262 490 Multa
278 468 428 497 movens,
446 456 596 489 necdum
613 456 797 499 antiquum
815 457 972 487 saturata
988 453 1149 488 dolorem.

145 502 213 536 Illa
230 503 323 535 viam
340 502 493 535 celerans
510 513 572 545 per
587 501 683 534 mille
701 500 871 534 coloribus
889 511 1018 543 arcum,
1310 539 1315 547 Ὗ

144 547 243 581 Nulli
262 548 343 587 visa,
362 548 431 581 cito
449 547 602 580 decurrit
619 547 760 579 tramite
777 546 895 588 virgo:
1196 547 1264 580 610
1311 548 1316 578 Γ

144 593 320 638 Conspicit
336 594 514 637 ingentem
533 603 747 633 concursum,
764 596 799 624 et
816 591 918 624 litora
935 591 1073 635 lustrat,
1313 597 1314 602 ¹

143 639 371 682 Desertosque
389 639 487 672 videt
503 642 623 682 portus
640 637 851 680 classemque
867 636 1034 671 relictam

143 685 191 718 At
208 685 327 729 procul
345 685 381 718 in
399 684 471 718 sola
488 689 627 718 secrctae
644 683 793 716 Troades
810 687 888 716 acta

143 731 318 764 Amissum
336 730 511 764 Anchisen
527 729 667 772 flebant,
685 733 889 772 cunctaeque
906 727 1118 772 profundum

144 776 297 810 Pontum
313 775 538 820 aspectabant
554 774 674 808 flentes
691 785 698 807 :
724 774 742 790 “
754 773 843 815 Heu,
860 777 913 805 tot
930 772 1019 805 vada
1034 772 1141 817 fessis,

144 822 190 856 Et
208 826 347 855 tantum
364 833 538 865 superesse
553 820 658 853 maris
673 819 704 853 !’'
729 830 796 851 vox
813 817 973 851 omnibus
989 828 1070 851 una.

144 863 272 897 Urbem
289 870 390 898 orant
404 877 412 905 ;
438 865 544 897 taedet
561 863 675 907 pelagi
692 862 842 907 perferre
858 861 1018 898 laborem.

143 909 234 953 Ergo
252 911 346 949 inter
359 910 489 943 medias
506 921 578 943 sese
594 909 689 942 haud
707 909 829 952 ignara
844 907 990 941 nocendi

143 955 300 999 conjicit,
319 961 352 989 et
369 956 563 1000 faciemque
580 955 652 989 dcae
669 959 868 998 vestemque
884 953 1041 997 reponit:

142 1001 200 1035 Fit
218 1002 337 1045 Beroe,
355 1001 484 1035 'Marii
501 1002 630 1045 conjux
646 1001 805 1044 longaeva
822 999 972 1043 Dorycli,
1191 1002 1258 1034 620

141 1047 204 1080 Cui
221 1059 331 1091 genus
348 1052 383 1081 ct
400 1047 576 1091 quondam
592 1058 718 1080 nomen
734 1046 878 1089 natique
894 1045 1043 1078 fuissent
1057 1057 1066 1086 ;

142 1093 191 1126 Ac
209 1094 257 1126 sic
274 1093 516 1127 Dardanidum
533 1093 684 1126 mediam
701 1103 736 1125 se
752 1091 922 1125 matribus
938 1091 1045 1124 infert
1059 1102 1066 1125 :

145 1135 165 1152 “
182 1136 209 1169 O
226 1137 369 1178 miserae,
388 1149 472 1180 quas
491 1149 558 1170 non
576 1136 729 1171 manuS.”
745 1137 872 1180 inquit,
889 1137 907 1153 ‘⁴
918 1136 1073 1170 Achaica
1089 1136 1179 1171 bello

138 1176 298 1212 Traxerit
314 1179 357 1212 ad
376 1179 486 1213 letum
503 1180 625 1223 patriae
643 1181 707 1213 sub
723 1181 894 1214 moenibus
910 1183 916 1214 !
943 1193 962 1216 o
979 1194 1063 1226 gens

138 1222 287 1258 Infelix!
307 1225 365 1258 cui
377 1229 413 1258 te
431 1226 538 1259 exitio
554 1226 697 1259 fortuna
712 1226 888 1260 reservat?

137 1268 293 1313 Septima
310 1275 387 1314 post
405 1271 514 1315 Trojae
532 1272 709 1306 excidium
720 1273 796 1316 jam
813 1273 962 1306 vertitur
979 1278 1089 1317 aestas,

137 1315 253 1355 Quum
269 1316 368 1359 freta,
387 1328 496 1360 quum
512 1322 621 1351 terras
638 1329 764 1360 omnes,
782 1322 835 1352 tot
851 1319 1028 1363 inhospita
1044 1331 1129 1354 saxa.

135 1359 322 1406 Sideraque
339 1374 487 1396 emensae
503 1363 648 1397 ferimur
662 1377 669 1405 ;
695 1364 779 1397 dum
797 1376 858 1408 per
873 1376 968 1399 mare
985 1377 1152 1410 magnum

135 1406 279 1440 Italiam
296 1409 472 1452 sequimur
487 1409 691 1453 fugientem,
709 1414 744 1443 et
761 1410 933 1444 volvimur
950 1411 1061 1446 undis.

133 1452 202 1486 Hie
221 1453 340 1497 Erycis
357 1454 442 1487 fines
458 1455 613 1498 fraterni,
631 1460 736 1500 atque
753 1456 875 1500 hospes
893 1457 1053 1493 Acestes:
1185 1461 1251 1493 630

133 1498 224 1546 Quid
242 1499 402 1542 prohibet
418 1512 534 1534 muros
545 1503 670 1545 jacere,
689 1506 723 1536 et
740 1502 822 1535 dare
839 1501 971 1536 civibus
987 1503 1134 1538 urbem?

132 1547 160 1576 O
178 1545 301 1588 patria,
319 1549 355 1579 et
370 1547 463 1589 rapti
480 1547 716 1592 nequidquam
733 1559 777 1581 ex
794 1548 893 1581 hoste
910 1553 1063 1593 penates,

130 1589 284 1624 Nullane
297 1592 373 1635 jam
390 1591 498 1636 Trojae
516 1593 679 1627 dicentur
695 1593 849 1627 moenia?
874 1605 1046 1638 nusquam

130 1635 318 1670 Hectoreos
335 1648 463 1680 amnes,
483 1639 665 1672 Xanthum
683 1644 718 1673 et
735 1639 925 1683 Simoenta,
941 1640 1064 1675 videbo
1078 1641 1091 1674 ’ζ

131 1681 225 1721 Quin
242 1683 346 1725 agite,
365 1687 401 1717 et
417 1695 553 1717 mecum
570 1685 743 1719 infaustas
760 1685 896 1719 exurite
912 1697 1057 1730 puppes.

127 1726 219 1762 Nam
235 1728 323 1763 mihi·
340 1729 540 1765 Cassandrae
556 1742 618 1776 per
634 1743 794 1766 somnum
810 1731 900 1766 vatis
916 1731 1031 1777 imago
