1330 1932
389 108 607 144 AENEIDOS
632 108 719 141 LIB.
747 108 828 141 VII.
1107 111 1174 143 245

57 175 104 209 Et
120 175 268 219 primam
284 178 366 208 ante
382 175 492 208 aciem
509 174 615 207 densa
630 174 722 207 inter
739 174 811 206 tela
826 174 998 218 feruntur,

59 221 129 254 0011
145 221 213 254 (1110
229 220 413 264 nubigenae
429 231 538 264 quum
555 219 684 252 vertice
701 219 829 252 montis
846 219 890 252 ab
906 220 978 253 alto

57 266 281 300 Descendunt
298 265 471 308 Centauri,
489 264 662 298 Homolen
679 264 897 308 Othrquue
914 265 1066 298 nivalem

57 311 269 355 Linquentes
286 322 389 344 cursu
404 310 524 354 rapido
541 322 550 350 ;
575 310 636 343 dat
653 309 817 343 euntibus
833 311 956 353 ingens

57 356 153 391 Silva
169 356 293 399 locum,
310 361 346 390 et
361 367 487 399 magno
504 355 634 389 cedunt
651 355 806 398 virgulta
822 355 967 398 fragore.

102 402 137 435 N
137 413 175 435 ec
191 401 412 435 Praenestinae
428 401 594 434 fundator
610 400 726 434 defuit
742 400 847 443 urbis,

58 446 215 480 Vulcano
231 447 391 490 genitum
407 458 530 499 pecora
546 447 639 479 inter
654 446 805 489 agrestia
820 457 946 489 regem,

58 492 315 537 Inventumque
330 493 414 526 focis
431 492 542 525 omnis
559 502 662 535 quem
679 491 825 524 credidit
842 496 936 535 aetas,
1109 494 1175 526 680

57 537 222 571 Oaeeuius.
272 538 378 571 Hunc
394 538 484 582 legio
501 538 572 571 late
588 537 775 570 comitatur
791 538 958 581 agrestis;

58 583 196 627 Quique
213 583 326 617 altum
343 584 518 617 Praeneste
534 583 611 625 viri,
630 583 760 626 quique
776 594 859 616 arva
878 582 1021 616 Gabinae

56 628 217 672 3111101113,
235 629 458 672 8011(111111(1110
475 628 654 671 Anienem,
673 633 708 661 et
724 628 859 661 roscida
874 628 958 662 rivis

57 673 211 707 Hernica
227 685 311 707 saxa
327 674 448 707 colunt
463 686 472 714 ;
498 685 592 717 (11103,
610 674 706 706 dives
723 674 893 717 Anagnia,
911 674 1033 718 pascis,

58 719 161 762 Quos,
178 721 348 752 Amasene
364 724 471 763 pater.
520 719 599 752 Non
616 719 686 752 illis
703 719 862 752 omnibus
879 731 976 753 anna

56 763 129 798 Nec
146 765 248 808 clipei
265 776 430 798 currusve
447 769 592 798 sonant:
617 775 697 807 pars
713 764 867 798 maxima
883 765 1028 808 glandes

56 809 212 843 Liventis
228 810 364 854 plumbi
381 810 535 853 spargit,
561 820 640 853 pars
658 809 792 852 spicula
808 814 922 852 gestat

57 855 147 888 Bina
162 866 280 898 manu,
297 855 479 907 fulvosque
496 855 573 899 lupi
589 854 632 887 de
648 854 739 898 110Πο
755 854 889 907 galeros

55 899 208 943 Tegmen
224 882 354 933 habent
371 901 499 944 capiti:
525 900 673 952 vestigia
690 900 786 933 nuda
803 900 934 934 sinistri

57 945 245 978 Instituere
262 945 382 989 pedis;
407 945 536 979 crudus
553 946 642 989 tegit
659 945 771 979 altera
786 957 877 989 pero.
1104 948 1173 979 690

102 991 150 1024 At
166 991 355 1035 Messapus,
373 1002 501 1043 equum
518 991 675 1033 domitor,
693 991 873 1034 Neptunia
890 991 1012 1035 proles,

57 1036 168 1077 Quem
183 1048 296 1080 neque
312 1037 391 1070 fas'
382 1037 457 1080 igni
474 1037 639 1079 cuiquam
655 1047 719 1069 nec
738 1040 890 1070 sternere
907 1037 1008 1080 ferro,

56 1081 82 1115 J
84 1093 140 1115 am
156 1082 290 1134 pridem
306 1082 432 1115 resides
449 1082 602 1126 populos,
621 1082 834 1125 desuetaque
850 1081 940 1116 bello

55 1127 216 1170 Agmina,
234 1127 270 1160 in
287 1139 384 1161 arma
400 1133 501 1161 vocat
518 1128 642 1171 subito,
659 1127 859 1172 ferrumque
875 1132 1051 1162 retractat.

55 1171 105 1205 Hi
122 1172 352 1206 Fescenninas
369 1173 458 1206 acies
474 1173 676 1217 AEquosque
692 1173 854 1216 Faliscos,

56 1217 105 1250 Hi
122 1217 271 1251 Soractis
287 1218 417 1252 habent
433 1230 528 1252 arces
545 1218 775 1262 Flaviniaque
791 1230 884 1261 arva,

57 1262 104 1296 Et
121 1263 249 1296 Cimini
265 1275 354 1297 cum
360 1268 478 1297 monte
494 1264 611 1297 lacum
627 1264 792 1307 lucosque
810 1264 973 1308 Capenos.

56 1307 163 1342 Ibant
180 1310 308 1352 aequati
324 1320 477 1352 numero,
494 1320 678 1361 regemque
696 1309 890 1350 canebant;

56 1353 127 1387 Ceu
144 1354 319 1397 quondam
334 1355 428 1388 nivei
444 1336 578 1398 li'quida
594 1355 686 1387 inter
701 1353 823 1388 nubila
840 1355 942 1398 cycni

57 1399 174 1440 Quum
190 1411 261 1433 sese
279 1411 296 1433 e
313 1405 416 1444 pastu
431 1400 597 1443 referunt,
615 1404 650 1433 et
666 1399 771 1443 longa
787 1411 928 1433 canoros
1107 1402 1173 1435 700

53 1444 150 1478 Dant
166 1456 228 1488 per
244 1445 333 1479 colla
348 1445 489 1486 modos3
514 1449 613 1479 sonat
629 1445 740 1479 amnis
757 1449 793 1479 et
810 1446 892 1480 Asia
907 1445 1009 1490 longe

55 1489 163 1523 Pulsa
179 1490 288 1534 palus.

54 1535 128 1569 Nec
146 1536 331 1579 quisquam
347 1540 471 1569 aeratas
488 1536 578 1570 acies
595 1548 639 1569 ex
655 1536 794 1579 agmine
810 1540 910 1570 tanto

54 1580 194 1614 Misceri
211 1586 334 1625 putet:
360 1582 493 1615 aeriam
510 1582 569 1615 sed
585 1582 725 1625 gurgite
742 1582 785 1615 ab
803 1582 874 1615 alto

56 1626 180 1670 Urgeri
197 1627 379 1660 volucrum
394 1638 579 1661 raucarum
595 1628 639 1661 ad
656 1628 760 1661 litora
775 1627 913 1662 nubem.

101 1672 201 1715 Ecce,
219 1672 426 1706 Sabinorum
443 1673 555 1717 prisco
572 1672 615 1706 de
631 1673 810 1725 sanguine,
827 1685 996 1717 magnum

55 1718 192 1760 Agmen
209 1729 315 1761 agens
333 1718 487 1760 Clausus,
499 1719 687 1762 magnique
702 1719 776 1763 ipse
794 1720 943 1762 agminis
959 1720 1079 1763 instar,

57 1762 204 1796 Claudia
220 1774 314 1797 nunc
331 1775 352 1797 a
368 1775 436 1808 quo
454 1764 663 1797 diffunditur
679 1768 715 1798 et
731 1765 842 1797 tribus
859 1769 894 1798 et
911 1777 995 1808 gens

58 1808 124 1842 Per
141 1809 291 1847 Latium,
309 1814 492 1855 postquam
507 1810 545 1843 in
562 1814 697 1857 partem
714 1810 797 1845 dat-a
814 1810 923 1845 Roma
940 1810 1085 1847 Sabinis.
