1345 1927
142 87 209 120 354
451 85 489 120 P.
516 85 718 119 VIRGILII
746 85 961 119 MARONIS

144 153 171 187 Ο
189 152 347 188 cohibete
364 153 450 187 iras!
477 153 588 186 ictum
600 154 674 196 jam
693 153 815 196 soedus,
833 158 868 186 et
885 164 1003 186 omnes

143 198 349 243 Compositae
366 199 458 243 leges
473 212 481 240 ;
506 199 592 232 mihi
605 201 664 243 jus
682 210 884 232 concurrere
902 199 984 239 soli;

142 244 202 278 Me
219 245 333 288 sinite,
350 250 455 288 atque
473 245 607 278 auferte
625 250 748 278 metus.
790 245 862 287 Ego
880 244 1010 278 foedera
1025 244 1108 278 faxo

141 290 260 324 Firma
276 302 383 324 manu
398 304 406 332 ;
431 291 588 324 Turnum
601 292 675 333 jam
693 290 820 324 debent
837 290 912 324 haec
929 290 1016 323 mihi
1033 289 1158 323 sacra.”

142 336 217 370 Has
234 337 325 370 inter
343 348 450 379 voces,
468 337 582 369 media
599 337 691 369 inter
708 336 794 369 talia
812 336 926 379 verba,

141 382 240 426 Ecce,
258 383 332 417 viro
351 383 497 416 stridens
515 383 579 415 alis
597 382 729 426 allapsa
747 383 875 425 sagitta
893 386 955 422 est,

142 428 331 472 Incertum,
349 440 419 472 qua
436 428 536 472 pulsa
554 439 670 470 manu,
689 439 756 471 quo
774 428 912 460 turbine
929 427 1055 461 adacta
1070 439 1078 468 ;
1192 428 1262 460 320

142 474 228 516 Quis
246 479 381 508 tantam
401 474 542 507 Rutulis
559 474 706 514 laudem7
726 485 869 506 casusne
887 474 1026 516 deusne,

141 520 322 554 Attulcrit.
365 520 486 553 Pressa
503 524 555 552 est
572 520 718 562 insignis
735 519 845 562 gloria
863 520 948 552 facti
959 532 967 560 ;

141 566 215 600 Nec
233 578 303 600 sese
319 567 440 600 AEneae
453 565 604 609 jactavit
621 565 763 598 vulnere
780 565 973 608 quisquam.

188 612 333 655 Turnus,
351 616 393 645 ut
411 612 545 644 AEnean
564 611 743 644 cedentem
761 622 803 643 cx
821 612 959 653 agmine
977 611 1066 644 vidit

141 658 380 702 Turbatosque
397 658 510 699 duces⁷
529 656 644 690 subita
662 668 721 700 spe
738 657 892 689 fervidus
909 657 1007 690 ardet
1022 669 1030 697 ;

142 704 258 738 Poscit
276 715 380 748 equos
398 708 503 748 atque
521 714 617 736 arma
635 702 747 745 simul,
767 703 927 746 saltuque
946 702 1114 746 superbus

141 750 280 783 Emicat
297 751 333 783 in
351 761 500 792 currum,
514 753 548 782 et
565 748 723 781 manibus
741 749 883 781 molitur
901 747 1061 782 habenas.

140 796 259 830 Multa
276 796 389 829 virum
406 795 556 828 volitans
574 795 634 828 dat
652 795 756 828 fortia
774 805 914 838 corpora
932 794 1001 827 leto
1016 807 1025 835 ;

141 841 336 876 Semineces
354 841 464 875 volvit
480 841 618 883 multos,
637 846 699 873 aut
717 840 858 883 agmina
876 851 978 873 curru

141 887 301 930 Proterit‚
319 892 382 921 aut
399 891 516 930 raptas
533 885 749 929 fugientibus
767 886 896 929 ingerit
913 886 1041 919 hastas.
1194 887 1262 919 330

143 933 262 975 Qualis
279 933 373 978 apud
391 933 497 975 gelidi
517 944 625 976 quum
643 932 788 964 flumina
805 932 962 965 concitus
981 931 1090 964 Hebri

141 979 361 1023 sanguineus
379 979 517 1012 Mavors
535 979 623 1022 elipe
701 982 829 1021 crepat,
847 983 953 1021 atque
970 978 1126 1011 furentes

141 1025 241 1059 Bella
256 1036 398 1059 movens
415 1025 577 1058 immittit
595 990 708 1068 eqffl,
726 1023 779 1056 illi
797 1034 932 1067 aequore
949 1028 1068 1067 aperto

141 1071 234 1105 Ante
252 1075 350 1105 notos
368 1070 626 1114 zephyrumque
644 1069 764 1103 volant
775 1082 783 1110 3
809 1070 917 1112 gemit
935 1069 1061 1102 ultima
1078 1068 1182 1113 pulsu

141 1117 275 1151 Thraca
291 1117 420 1161 pedum
437 1129 444 1155 ;
470 1116 669 1160 circumque
687 1120 770 1148 atrae
789 1115 999 1148 Formidinis
1017 1125 1084 1158 ora,

142 1164 288 1208 Iraeque,
307 1162 524 1206 Insidiaeque,
543 1162 598 1194 dei
616 1162 810 1204 comitatus,
829 1166 993 1204 aguntur.

141 1209 234 1243 Talis
252 1220 356 1253 equos
373 1208 487 1242 alacer
503 1208 617 1241 media
634 1208 726 1240 inter
743 1207 864 1251 proelia
881 1207 1018 1240 Turnus

141 1255 331 1289 Fumantes
349 1255 472 1288 sudore
489 1254 613 1298 quatit,
631 1253 826 1286 miserabile
843 1253 938 1286 caesis

141 1301 311 1335 Hostibus
329 1300 502 1333 insultans
518 1312 525 1340 ;
551 1299 685 1343 spargit
701 1299 823 1342 rapida
841 1298 975 1341 ungula
992 1309 1084 1331 rores

141 1347 366 1391 Sanguineos,
380 1346 563 1388 mixtaque
581 1357 680 1378 cruor
698 1345 852 1378 calcatur
869 1355 984 1378 arena.
1193 1345 1261 1376 340

141 1394 294 1437 Jamque
326 1392 402 1425 neci
431 1391 705 1435 Sthenelumque
734 1391 841 1434 dedit,
867 1389 1147 1433 Thamyrimque‚
1173 1388 1263 1422 Pho-

234 1439 376 1483 lumque

141 1484 248 1519 Hunc
265 1495 465 1528 congressus
482 1487 517 1516 et
533 1483 628 1516 hunc
642 1495 650 1524 ;
675 1483 776 1516 illum
794 1482 928 1516 eminus
943 1494 951 1522 ;
976 1481 1111 1514 eminus
1127 1479 1228 1514 ambo

141 1531 362 1572 Imbrasidas,
381 1530 553 1563 Glaucum
571 1533 675 1572 atque
693 1529 820 1571 Laden,
839 1539 924 1572 quos
944 1527 1120 1560 Imbrasus
1137 1526 1210 1570 ipse

141 1576 175 1611 N
177 1578 326 1610 utrierat
343 1576 459 1619 Lycia,
477 1575 688 1620 paribusque
707 1579 889 1608 ornaverat
907 1573 1021 1615 armis,

143 1622 208 1655 Vel
226 1623 380 1655 conferre
397 1633 550 1664 manum,
569 1621 623 1654 vel
641 1632 728 1664 equo
745 1624 949 1664 praevertere
967 1623 1097 1652 ventos.

142 1665 248 1701 Parte
265 1668 334 1701 alia
351 1667 463 1700 media
482 1667 653 1700 Eumedes
671 1667 706 1699 in
725 1665 846 1709 proelia
862 1666 984 1709 fertur,

143 1713 291 1757 Antiqui
308 1713 419 1757 proles
435 1713 525 1746 bello
542 1712 707 1756 praeclara
723 1711 876 1754 Dolonis,

142 1758 292 1797 Nomine
309 1770 414 1794 avum
429 1759 590 1801 referens,
607 1758 723 1792 animo
739 1757 968 1800 manibusque
985 1758 1184 1800 parentem:
