1345 1927
451 81 719 116 GEORGICON
743 81 830 115 LIB.
857 81 884 115 Ι.

100 150 262 194 Ooneilia,
279 150 452 183 incertum
469 153 521 183 est
534 162 543 191 3
565 148 711 182 urbesne
726 148 883 191 invisere,
902 148 1023 190 Caesar,

98 196 351 239 Terrarumque
367 196 453 229 velis
470 207 599 238 curam,
617 199 652 228 et
668 198 704 228 te
718 194 894 227 maximus
911 193 1000 226 orbis

97 241 286 274 Auctorem
301 242 445 285 frugum
461 244 780 284 tempestatumque
795 243 974 283 potentem

97 287 268 331 Accipiat,
286 287 427 330 cingens
443 291 601 320 materna
617 290 775 330 tempora
789 290 904 328 myrto
919 297 928 326 ;

97 333 154 365 An
171 333 256 365 deus
272 333 432 366 immensi
449 333 567 366 venias
584 332 698 374 maris,
715 343 756 364 ac
773 335 836 364 tua
853 334 972 364 nautae

97 378 253 411 Numina
271 378 342 412 sola
359 378 485 421 colant,
501 377 567 410 tibi
585 377 712 411 serviat
728 377 855 410 ultima
871 376 992 419 Thule,

97 423 214 468 Teque
231 424 296 457 sibi
312 435 479 467 generum
496 424 626 467 Tethys
643 426 736 456 emat
753 422 912 455 omnibus
930 421 1034 455 undis
1047 432 1057 462 ;

96 469 199 503 Anne
215 481 345 503 novum
361 470 470 503 tardis
487 469 582 502 sidus
600 473 635 502 te
650 468 826 501 mensibus
843 469 961 511 addas,

98 515 175 556 Qua
190 515 285 549 locus
302 515 479 559 Erigonen
494 515 586 548 inter
604 514 794 558 Chelasque
811 518 992 557 sequentes

96 560 270 594 Panditur
284 574 293 602 ;
317 561 391 605 ipse
407 561 473 594 tibi
484 562 560 604 jam
576 560 717 594 brachia
734 560 909 593 contrahit
926 559 1050 593 ardens

96 606 263 651 Scorpios,
281 611 316 640 et
334 607 411 640 coeli
424 608 521 650 justa
538 607 617 650 plus
634 610 732 650 parte
748 605 893 650 reliquit
909 617 916 639 :

97 652 276 696 Quidquid
293 653 358 686 eris
378 653 474 697 (nam
490 657 525 685 te
542 664 605 685 nec
623 656 761 696 sperent
778 651 922 685 Tartara
939 662 1064 695 regem,

95 698 130 731 N
131 710 169 731 ec
185 698 250 731 tibi
266 699 436 741 regnandi
453 698 571 731 veniat
588 702 662 731 tam
680 697 755 731 dira
772 697 907 741 cupido,

97 744 263 784 Quamvis
280 744 414 787 Elysios
429 744 576 776 miretur
594 743 723 776 Graecia
742 754 889 786 campos,

95 789 169 822 Nec
185 790 335 833 repetita
353 790 449 833 sequi
467 793 564 821 curet
582 789 787 832 Proserpina
803 786 966 831 matrem)

95 834 150 868 Da
166 835 306 868 facilem
323 846 472 878 cursum,
490 839 596 878 atque
612 833 803 867 audacibus
819 845 936 867 annue
953 833 1074 878 coeptis

96 880 310 924 Ignarosque
326 881 392 914 viae
409 892 546 913 mecum
562 880 746 913 miseratus
763 883 914 923 agrestes

96 926 292 970 Ingredere,
310 930 345 959 et
361 927 451 960 votis
463 927 538 969 jam
555 937 649 959 nunc
666 937 821 959 assuesce
838 925 963 959 vocari.

142 972 231 1005 Vere
247 983 344 1016 novo,
362 972 498 1016 gelidus
515 972 610 1005 canis
628 983 738 1015 quum
753 970 930 1004 montibus
946 970 1071 1004 humor

95 1017 267 1062 Liquitur,
284 1022 320 1051 et
338 1018 487 1062 zephyro
505 1018 617 1062 putris
635 1029 669 1051 se
687 1017 788 1061 gleba.
803 1017 954 1060 resolvit,

94 1063 263 1108 Depresso
280 1064 427 1108 incipiat
439 1064 514 1107 jam
530 1068 608 1096 tum
623 1063 712 1096 mihi
727 1067 850 1096 taurus
867 1066 982 1096 aratro

96 1109 286 1153 Ingemere,
304 1113 339 1143 et
357 1109 451 1142 sulco
468 1110 611 1143 attritus
629 1109 864 1154 splendescere
881 1119 1009 1143 vomer.

96 1155 166 1189 Illa
184 1167 278 1198 seges
295 1155 436 1188 demum
452 1155 541 1189 vot-is
557 1155 742 1199 respondet
759 1155 855 1188 avari

94 1201 276 1245 Agricolae,
291 1201 344 1235 bis
361 1212 438 1245 quae
456 1201 570 1244 solem,
586 1201 639 1234 bis
655 1201 784 1244 frigora.
801 1201 907 1234 sensit
920 1212 930 1242 ;
988 1221 993 1224 -

96 1246 197 1280 Illius
214 1247 390 1280 immensae
406 1251 578 1291 ruperunt
594 1247 716 1280 horrea
732 1257 867 1280 messes.

141 1292 191 1326 At
206 1293 303 1337 prius
319 1293 480 1336 ignotum
496 1292 585 1326 ferro
603 1304 709 1336 quam
726 1293 914 1325 scindimus
932 1302 1058 1335 aequor,

96 1338 227 1372 Ventos
244 1342 279 1372 et
295 1339 432 1372 varium
449 1338 525 1372 coeli
541 1338 743 1382 praediscere
759 1349 890 1371 morem

96 1384 187 1417 Cura
204 1384 259 1427 sit,
276 1395 317 1417 ac
333 1384 463 1428 patrios
480 1384 664 1428 cultusque
680 1383 890 1428 habitusque
906 1383 1070 1425 locorum,

95 1429 143 1463 Et
160 1430 244 1474 quid
261 1441 407 1473 quaeque
423 1430 513 1463 serat
529 1430 633 1473 regio,
651 1434 686 1463 et
703 1429 787 1473 quid
804 1440 948 1474 quaeque
964 1433 1111 1463 recuset.

96 1475 166 1509 Hie
183 1480 324 1520 segetes,
341 1476 414 1508 illic
430 1475 577 1509 veniunt
594 1475 730 1508 felicius
746 1487 824 1508 uvae
839 1487 848 1516 3

95 1521 241 1555 Arborei
256 1522 348 1554 fetus
365 1521 450 1554 alibi
467 1525 573 1564 atque
589 1521 721 1565 injussa
737 1521 913 1555 virescunt

98 1567 270 1601 Gramina.
311 1567 435 1600 Nonne
452 1567 557 1610 vides,
575 1578 709 1600 croceos
725 1571 767 1600 ut
783 1567 924 1600 Tmolus
941 1566 1068 1610 odores,

98 1612 201 1646 India
215 1613 329 1646 mittit
345 1613 439 1656 ebur,
454 1613 575 1646 molles
593 1624 655 1646 sua
671 1613 777 1646 thura
794 1612 906 1646 Sabaei
920 1625 928 1653 ;

97 1658 147 1692 At
163 1658 333 1703 Chalybes
349 1659 436 1692 nudi
451 1659 592 1702 ferrum,
610 1659 789 1702 virosaque
806 1658 940 1691 Pontus

98 1704 268 1748 Castorea,
285 1704 449 1738 Eliadum
466 1705 598 1749 palmas
615 1705 736 1748 Epiros
753 1703 947 1748 equarum'.²

98 1749 270 1785 Continuo
286 1750 349 1785 has
364 1750 458 1795 leges
475 1756 672 1795 aeternaque
687 1750 817 1784 foedera
833 1750 936 1784 certis

1175 79 1216 111 27

1175 376 1220 407 30

1174 834 1219 865 40

1174 1293 1218 1324 50

1174 1751 1218 1782 60
