1345 1927
308 194 352 229 P.
382 191 651 228 VIRGILII
690 190 970 226 MARONIS

195 314 1085 377 GEORGICON

375 463 565 497 LIBER
604 461 900 504 QUARTUS.

548 563 719 573 mm

122 635 317 671 Pno'rfflws
335 638 422 671 aerii
437 637 550 671 menis
564 637 717 671 eoelestia
733 637 824 670 dona

75 681 255 726 Exsequar
269 695 275 716 :
301 683 391 716 hanc
408 684 524 726 etiam,
542 684 723 725 Maecenas,
737 682 850 726 aspice
867 684 1011 725 partem.

74 727 291 762 Admiranda
307 729 372 762 tibi
389 729 517 761 levium
537 729 736 772 spectacula
752 739 878 769 rerum,

73 772 386 818 Magnanimosque
403 774 517 817 duces,
534 775 709 817 totiusque
727 773 847 806 ordine
864 772 978 815 gentis

73 817 198 862 Mores,
216 824 251 852 et
268 820 394 862 studia,
412 824 446 852 et
463 819 618 863 populos,
636 823 671 852 et
688 818 809 862 proelia
826 818 949 850 dicam.

74 863 118 897 In
134 865 233 898 tenui
249 865 345 898 labor
360 877 368 905 ;
393 869 430 898 at
447 865 564 897 tenuis
581 876 650 898 non
667 865 785 908 gloria,
803 863 832 896 si
850 874 954 906 quem

72 909 107 943 N
108 910 228 943 nmina
244 911 332 944 laeva
349 911 479 953 sinunt,
497 910 666 954 auditque
682 914 825 943 vocatus
842 908 975 952 Apollo.

120 955 297 1000 Principio
315 956 409 989 sedes
427 956 550 1000 apibus
568 956 741 999 statioque
758 955 919 999 petenda,

74 1000 148 1042 Quo
165 1013 278 1045 neque
295 1002 340 1035 sit
356 1002 469 1035 ventis
486 1002 612 1044 aditus,
632 1001 728 1045 (nam
745 1001 875 1045 pabula
891 999 988 1033 venti

72 1046 176 1080 Ferre
193 1047 334 1080 domum
350 1047 549 1091 prohibent)
567 1058 680 1091 neque
697 1058 776 1080 oves
792 1046 952 1089 haedique
968 1044 1101 1089 petulci

73 1092 232 1126 Floribus
248 1093 430 1136 insultent,
447 1098 510 1126 aut
527 1104 644 1126 errans
661 1092 790 1126 bucula
807 1103 930 1135 campo

71 1137 238 1172 Decutiat
254 1150 375 1181 rorem,
393 1143 428 1172 et
445 1142 625 1182 sui-gentes
641 1142 771 1171 atterat
788 1138 921 1171 herbas.

70 1183 197 1216 Absint
215 1188 248 1217 et
266 1184 352 1228 picti
370 1184 566 1228 squalentia
583 1188 683 1227 terga.
699 1183 822 1218 lacerti

71 1228 267 1272 Pinguibus
284 1241 305 1262 a
321 1230 478 1273 stabulis,
494 1240 728 1274 meropesque,
746 1229 892 1272 aliaeque
909 1228 1074 1271 volucres,

70 1274 118 1308 Et
134 1274 295 1307 manibus
312 1275 444 1308 Procne
461 1279 583 1319 pectus
600 1275 739 1318 signata
756 1275 918 1308 cruentis.

73 1319 199 1353 Omnia
215 1331 297 1353 nam
313 1321 384 1354 late
400 1325 550 1363 vastant,
566 1320 730 1364 ipsasque
746 1321 903 1354 volantes

72 1365 138 1399 Ore
155 1366 273 1398 ferunt
291 1366 429 1399 dulcem
445 1366 536 1399 nidis
553 1366 747 1399 immitibus
763 1377 885 1399 escam.

70 1410 119 1444 At
136 1411 261 1455 liquidi
277 1411 390 1445 fontes
407 1416 442 1445 et
460 1416 584 1455 sta-gna.
600 1412 750 1445 virentia
766 1422 885 1444 musco

70 1457 208 1499 Adsint,
225 1461 260 1490 et
276 1457 393 1490 tenuis
408 1457 548 1501 fugiens
564 1469 626 1501 per
641 1457 801 1501 gramina
816 1457 923 1500 rim,

71 1501 260 1546 Pahnaque
277 1502 490 1536 vestibulum
507 1507 569 1536 aut
585 1503 708 1546 ingens
725 1503 871 1536 oleaster
887 1500 1087 1536 inumbret:

70 1547 120 1580 Ut
137 1559 245 1591 quum
261 1548 374 1591 prima
389 1549 471 1582 novi
488 1549 618 1582 ducent
635 1549 798 1582 examina
813 1560 911 1592 reges

71 1592 161 1626 Vere
178 1604 249 1636 suo,
265 1594 433 1638 ludetque
448 1595 538 1628 favis
555 1595 679 1628 emissa
690 1595 871 1638 juventus,

71 1638 197 1672 Vicina
212 1639 340 1673 invitet
357 1640 521 1674 decedere
536 1640 615 1684 ripa
630 1640 747 1683 calori,

71 1683 249 1728 Obviaque
266 1684 427 1729 hospitiis
443 1690 564 1719 teneat
579 1686 823 1720 frondentibus
839 1685 949 1721 arbos,

71 1729 117 1763 In
133 1730 298 1775 medium,
315 1742 376 1765 seu
392 1731 500 1766 stabit
516 1731 618 1776 inem,
632 1743 693 1766 seu
710 1732 859 1776 profluet
875 1732 1011 1775 humor,

1152 1047 1194 1078 10

1147 1503 1193 1536 20
