1330 1932
272 182 313 217 P.
335 178 607 217 VIRGILII
658 175 936 212 MARONIS

183 311 1026 373 AENEIDOS

384 461 551 494 LIBER
584 460 833 503 QUINTUS.

519 570 693 580 mm

54 659 220 694 Immzm
238 660 392 693 medium
408 660 534 695 AEneas
547 662 623 705 jam
640 661 746 694 classe
763 661 906 694 tenebat

54 706 175 739 Certus
192 706 267 749 iter,
286 706 481 751 fluctusque
498 710 590 740 atros
607 707 769 750 aquilone
787 706 936 750 secabat,

53 751 185 785 Moenia
201 752 397 795 respiciens,
416 763 492 796 quae
505 754 580 795 jam
598 752 748 785 infelicis
765 752 883 785 Elissae

53 797 233 830 collucent
248 797 406 831 flammis.
456 797 541 838 Quae
558 801 699 830 tantum
716 797 914 830 accenderit
931 797 1057 840 ignem,

54 842 164 876 Causa
181 842 267 875 latet
282 855 290 883 3
315 843 394 875 duri
411 854 538 886 magno
556 843 614 876 sed
632 854 747 876 amore
764 842 896 876 dolores

53 887 201 931 Polluto‚
218 892 420 931 notumque,
437 889 557 921 furens
575 889 660 932 quid
677 889 808 922 femina
824 888 942 932 possit,

52 933 162 967 Triste
179 945 240 977 per
257 934 447 977 augurium
464 934 676 967 Teucrorum
693 938 834 978 pectora
852 934 996 967 ducunt.

53 979 102 1013 Ut
118 979 262 1023 pelagus
280 983 421 1014 tenuere
438 983 541 1023 rates,
558 991 621 1013 nec
633 981 708 1024 jam
727 980 876 1024 amplius
893 980 966 1013 ulla

53 1025 212 1058 Occurrit
229 1025 344 1068 tellus⁷
360 1025 471 1059 maria
487 1026 644 1069 undique
661 1029 695 1058 et
712 1026 867 1070 undique
885 1025 1011 1058 coelum
1026 1037 1035 1066 3

54 1071 123 1104 Olh'
140 1071 307 1104 caeruleus
325 1082 429 1115 supra
445 1075 553 1115 caput
570 1071 709 1105 adstitit
726 1071 845 1112 imber,
1131 1073 1174 1104 10

53 1116 199 1149 Noctem
216 1116 432 1160 hiememque
449 1117 562 1150 ferens
578 1129 586 1157 ;
611 1120 647 1150 et
664 1117 838 1150 inhorruit
854 1116 951 1150 unda
968 1116 1127 1150 tenebris.

54 1162 131 1206 Ipse
148 1162 358 1205 gubernator
374 1163 484 1206 puppi
502 1162 689 1195 Palinurus
707 1162 749 1195 ab
767 1163 839 1195 alta
854 1174 861 1196 :

53 1207 72 1223 “
83 1207 186 1242 Heu!
213 1208 376 1251 quianam
393 1208 485 1241 tanti
502 1208 688 1241 cinxerunt
707 1209 837 1242 aethera
854 1210 965 1243 nimbi
980 1210 992 1243 ’.ἰ

55 1252 198 1295 Quidve,
216 1257 315 1296 pater
332 1253 503 1296 Neptune,
522 1264 621 1303 paras
638 1253 671 1286 2³²
721 1254 776 1287 Sic
795 1254 921 1288 deinde
939 1256 1076 1289 locutus

55 1279 222 1340 Colligere
240 1307 336 1329 arma
347 1296 459 1348 jubet,
477 1296 670 1340 validisque
687 1296 886 1331 incumbere
903 1300 1017 1344 remis,

56 1343 292 1392 obliquatque
310 1341 404 1374 sinus
423 1342 459 1374 in
478 1346 634 1383 ventum,
651 1354 690 1375 ac
707 1343 793 1375 talia
810 1344 929 1378 fatur:

59 1385 316 1428 “Magnanime
333 1385 452 1428 AEnea,
470 1397 548 1424 non
567 1386 596 1419 si
613 1387 700 1420 mihi
717 1388 861 1432 Jupiter
878 1393 999 1423 auctor

55 1432 241 1477 spondeat,
260 1432 324 1465 hoc
343 1443 475 1475 sperem
493 1432 634 1465 Italiam
651 1433 853 1475 contingeie
871 1433 964 1467 coelo.

55 1478 188 1511 Mutati
204 1481 401 1511 transversa
417 1478 574 1510 fremunt
591 1482 626 1510 et
643 1489 783 1521 vespere
801 1478 844 1511 ab
862 1483 938 1511 atro

57 1524 278 1567 Consurgunt
295 1523 402 1566 venti,
420 1527 526 1567 atque
542 1523 579 1555 in
596 1523 725 1556 nubem
743 1524 880 1566 cogitur
896 1525 965 1558 ae'r.
1133 1527 1178 1558 20

56 1569 90 1603 N
91 1581 128 1602 ec
146 1580 208 1602 nos
225 1568 336 1602 obniti
354 1572 484 1611 eontra,
502 1580 564 1601 nec
581 1569 722 1602 tendere
740 1572 881 1602 tantum

58 1614 264 1648 Sufficimus.
313 1614 462 1657 Superat
480 1614 643 1657 quoniam
659 1614 811 1658 fortuna,
830 1626 1025 1660 sequamur,

60 1660 203 1703 Quoque
219 1663 331 1701 vocat,
348 1663 524 1693 vertamus
541 1660 617 1694 iter.
664 1660 698 1693 N
700 1671 737 1693 ec
754 1660 857 1694 litora
874 1661 976 1705 longe

60 1705 148 1740 Fida
164 1717 240 1739 reor
256 1705 411 1739 fraterna
428 1705 548 1749 Erycis
563 1708 753 1750 portusque
770 1705 920 1750 Sicanos,

1311 1216 1329 1333 ‹rt—6531-
1312 1097 1323 1208 ;.,ιςῗ’ξ;

1310 1337 1328 1430 *ez-..³¹
