1320 1932
382 79 603 114 AENEIDOS
627 81 716 114 LIB.
740 82 821 115 XII.
1089 88 1156 119 349

86 146 134 179 At
150 146 176 180 J
177 158 246 180 uno
263 158 282 180 e
299 158 442 191 summo,
459 148 520 191 qui
537 159 632 182 nunc
649 149 806 183 Albanus
823 149 1030 193 habetur,—

39 192 129 225 Tum
145 203 258 235 neque
275 204 400 226 nomen
417 198 501 236 erat,
518 205 582 227 nec
598 194 715 237 honos,
733 200 795 229 aut
812 196 922 239 gloria
939 197 1098 230 monti—

39 237 256 282 Prospieiens
273 239 410 271 tumulo
428 250 590 283 campum
607 241 818 284 aspectabat,
836 247 871 275 et
887 242 1005 275 ambas

38 282 254 316 Laurentum
271 283 467 327 Troumque
483 286 573 318 acies
590 285 778 330 urbemque
796 287 922 321 Latini.

37 328 224 373 Extemplo
241 329 349 362 Turni
367 331 414 363 sic
432 335 484 364 est
500 331 606 364 affata
623 343 779 376 sororem,

25 374 128 408 ·Diva
144 375 255 418 deam,
272 377 403 419 stagnis
421 387 497 420 quae
513 376 783 422 fluminibusque
800 378 929 412 sonoris

37 419 204 454 Praesidet
217 433 226 462 3
251 421 344 454 hunc
360 421 414 454 illi
429 433 491 455 rex
508 423 646 456 aetheris
663 423 756 456 altus
773 424 938 458 honorem
1088 428 1153 460 140

36 465 179 510 Jupiter
195 472 313 510 erepta
330 479 391 511 pro
409 468 612 511 virginitate
628 469 796 504 sacravit:

39 510 59 527 “
73 510 246 554 Nympha,
265 513 368 545 decus
384 513 579 555 fluviorum,
598 512 713 545 animo
730 513 928 557 gratissima
944 519 1071 547 nostro.

36 556 118 600 Scis,
136 561 177 590 ut
194 560 229 590 te
246 556 381 590 cunct-is
398 568 514 599 unam,
532 568 760 601 quaecumque
776 557 911 592 Latinae

36 602 256 646 Magnanimi
272 602 372 636 Jovis
388 602 567 646 ingratum
583 603 765 636 ascendere
783 603 906 648 cubile,

36 647 265 690 Praetulerim,
283 648 429 692 coelique
445 648 567 681 lubens
585 649 622 681 in
639 654 737 692 parte
754 649 915 684 locarim:

35 693 138 727 Disce
155 699 265 736 tuum,
281 705 326 726 ne
341 705 397 727 me
414 694 559 736 incuses,
576 694 601 728 J
602 700 743 737 uturna,
761 695 921 730 dolorem.

36 739 111 780 Qua
131 740 201 773 visa
218 744 270 772 est
285 739 427 772 fortuna
442 740 527 783 pati,
545 740 730 784 Parcaeque
747 739 907 774 sinebant

35 784 162 819 Cedere
177 797 231 818 res
249 785 358 828 Latio,
375 785 532 818 Turnum
549 790 584 819 et
601 790 663 819 tua
679 786 807 819 moenia
824 787 914 820 texi:

34 829 68 863 N
70 842 138 864 unc
150 832 316 874 juvenem
332 830 523 874 imparibus
540 831 639 864 video
657 843 857 865 concurrere
873 832 966 876 fatis,

33 875 292 920 Parcarumque
308 874 380 909 dies
397 881 432 910 et
448 877 500 910 vis
516 877 658 910 inimica
675 877 895 921 propinquat.
1085 882 1150 913 150

32 920 111 955 Non
128 933 284 966 pugnam
300 922 450 966 aspicere
467 922 557 955 hanc
575 923 692 965 oeulis,
709 935 779 956 non
796 923 926 957 foedera
943 936 1090 969 possum.

34 967 96 1010 Tu,
114 979 175 1012 pro
191 979 354 1011 germano
372 968 400 1001 si
417 968 501 1012 quid
518 969 721 1012 praesentius
738 969 854 1013 audes,

33 1012 142 1057 Perge
152 1026 161 1055 ;
186 1014 293 1047 decet.
342 1013 472 1047 Forsan
489 1015 628 1048 miseros
644 1015 788 1048 meliora
805 1013 1017 1059 sequentur?

34 1058 104 1092 Vix
121 1071 179 1093 ea:
205 1071 314 1103 quum
330 1059 489 1093 lacrimas
506 1060 614 1093 oculis
631 1060 656 1094 J
660 1065 789 1094 uturna
806 1061 972 1105 profudit,

32 1103 166 1149 Terque
183 1109 373 1149 quaterque
389 1117 497 1139 manu
513 1110 635 1150 pectus
651 1107 821 1150 percussit
837 1107 1032 1142 honestum.

35 1151 144 1184 “Non
161 1151 311 1185 lacrimis
328 1150 392 1193 hoc
409 1150 578 1194 tempus,”
596 1151 646 1183 ait
664 1150 827 1184 Saturnia
844 1150 869 1183 J
871 1161 941 1183 uno
955 1161 962 1184 :

35 1198 54 1215 “
66 1197 237 1236 Accelerat,
254 1200 289 1229 et
305 1197 458 1236 fratrem,
477 1196 504 1229 si
522 1196 598 1240 quis
614 1196 747 1238 modus,
764 1196 857 1240 eripe
873 1195 977 1229 morti
990 1207 1000 1237 ;

33 1244 105 1276 Aut
122 1248 163 1275 tu
178 1242 269 1276 bella
286 1243 346 1284 cie,
363 1250 637 1286 conceptumque
655 1247 779 1275 excute
795 1242 917 1275 foedus.

32 1289 165 1321 Auctor
181 1299 243 1331 ego
260 1288 441 1321 audendi?
490 1288 545 1320 Sic
563 1288 746 1320 exhortata
770 1288 911 1329 reliquit

32 1331 217 1374 Incertam,
235 1335 270 1364 et
287 1331 381 1364 tristi
396 1331 574 1364 turbatam
591 1331 733 1364 vulnere
750 1332 885 1364 mentis.
1078 1333 1145 1364 160

79 1378 219 1411 Interea
233 1388 341 1420 regeS‚
358 1377 494 1420 ingenti
510 1377 600 1410 mole
617 1377 763 1409 Latinus

33 1422 247 1467 Quadrijugo
264 1423 406 1456 vehitur
422 1434 535 1465 curru,
553 1422 611 1455 cui
627 1427 783 1466 tempora
800 1422 928 1456 circum

32 1469 156 1502 Aurati
173 1469 225 1502 bis
243 1480 303 1502 sex
319 1469 409 1501 radii
424 1468 598 1511 fulgentia
614 1469 770 1511 cingunt,

31 1514 119 1548 Solis
136 1515 192 1548 avi
210 1515 383 1558 specimen
397 1526 403 1547 :
428 1514 518 1558 bigis
534 1514 565 1547 it
581 1514 718 1547 Turnus
735 1514 773 1547 in
790 1513 887 1558 albis,

31 1560 121 1594 Bina
136 1572 242 1593 manu
259 1560 331 1593 lato
349 1559 501 1603 crispans
518 1559 660 1593 hastifia
676 1560 776 1594 ferro.

0 1615 3 1618 ’
31 1605 126 1639 Hinc
142 1610 242 1650 pater
258 1605 395 1648 AEneas,
414 1606 577 1638 Romanae
594 1606 711 1649 stirpis
729 1606 833 1649 origo,

31 1651 169 1685 Sidereo
186 1651 336 1695 flagrans
353 1651 463 1695 clipeo
480 1655 515 1684 et
532 1651 727 1684 coelestibus
744 1652 856 1695 armis,

31 1697 77 1730 Et
89 1698 196 1741 juxta
213 1697 394 1740 AscaniuS‚
410 1708 546 1740 magnae
562 1709 639 1741 spes
656 1697 766 1732 altera
784 1698 914 1742 Romae,

32 1742 231 1776 Procedant
247 1743 378 1787 castris,
394 1754 550 1787 puraque
566 1743 604 1776 in
620 1748 715 1777 veste
732 1744 888 1778 sacerdos
