1330 1932
0 0 692 18 ῤ’

479 103 703 138 AENEIDOS
727 103 815 137 LIB.
842 103 922 137 VII.
1199 103 1266 136 227

152 172 285 205 Aurora
300 172 338 205 in
354 171 457 205 roseis
473 169 631 213 fulgebat
647 169 744 202 lutea
760 168 848 211 bigis
867 180 874 208 ;

153 217 268 258 Quum
284 217 380 250 venti
397 227 549 260 posuere,
567 214 745 258 omnisque
761 217 904 257 repente
920 213 1047 246 resedit

151 261 273 295 Flatus
291 266 326 295 et
343 262 379 294 in
396 262 490 294 lento
506 260 687 293 luctantur
703 270 872 292 marmore
889 262 1004 291 tonsae.

151 306 266 350 Atque
283 307 340 340 hic
356 307 483 339 AEneas
500 306 677 348 ingentem
694 316 737 337 ex
756 315 891 348 aequore
908 304 1027 336 lucum

150 352 330 396 Prospicit.
379 352 485 384 Hunc
502 352 593 384 inter
609 350 715 383 fluvio
733 350 914 383 Tiberinus
930 360 1075 392 amoeno,
1221 350 1266 382 30

152 397 348 430 Verticibus
364 397 503 440 rapidis,
522 400 557 429 et
574 395 686 428 multa
702 396 813 428 flavus
831 406 944 437 arena,

151 443 195 476 In
210 454 304 475 mare
320 442 523 494 prorumpit
561 441 674 474 Variae
693 441 892 484 circumque
909 451 1083 484 supraque

151 487 308 521 Assuetae
325 488 409 531 ripis
425 487 579 520 volucres
597 490 632 519 et
648 486 801 519 fluminis
818 486 916 519 alveo

150 533 295 567 AEthera
311 532 510 566 mulcebant
529 536 645 574 cantu,
662 532 809 575 lucoque
826 531 998 565 volabant.

151 578 306 611 Flectere
322 578 388 611 iter
405 578 503 611 sociis
521 581 686 621 terraeque
704 577 881 610 advertere
898 588 1014 620 proras

152 623 316 667 Imperat,
334 627 369 656 et
385 623 487 656 laetus
503 623 609 656 fluvio
628 623 782 656 succedit
799 633 913 666 opaco.

198 669 302 702 Nunc
319 680 392 712 age,
410 669 472 712 qui
487 679 593 711 regeS,
611 668 726 711 Erato,
744 679 822 712 quae
839 671 995 711 tempora
1011 678 1138 711 rerum,

153 714 237 755 Quis
254 714 353 747 Latio
371 714 514 757 antiquo
531 714 637 746 fuerit
654 695 776 756 status,
793 713 927 746 advena
945 714 1086 747 classem

153 760 270 800 Quum
286 760 438 803 primum
454 758 618 791 Ausoniis
635 759 807 792 exercitus
824 759 962 802 appulit
979 759 1055 801 oris,

151 804 355 848 Expediam,
375 808 410 837 et
427 804 545 847 primae
562 804 726 837 revocabo
744 804 884 837 exordia
900 814 1038 848 pugnae.
1223 805 1269 837 40

152 850 204 882 'ru
221 855 346 892 vatem,
364 853 404 882 tu
421 849 511 892 diva,
527 860 638 882 1110116.
685 849 809 882 Dicam
826 849 965 882 horrida
981 849 1097 883 bella·
1087 874 1097 890 ‚

151 895 275 928 Dicam
292 895 390 937 acies,
408 898 571 938 actosque
587 894 712 927 animis
728 895 767 927 in
782 894 907 928 funera
922 906 1029 938 regeS,

151 940 434 984 Tyrrhenamque
449 951 601 982 manum,
619 943 798 983 totamque
816 939 879 973 sub
895 952 992 973 arma
1008 943 1162 973 coactam

152 985 366 1029 Hesperiam.
414 985 527 1028 Major
543 997 659 1018 rerum
675 985 762 1018 mihi
780 986 935 1018 nascitur
952 986 1058 1026 ordo;

151 1031 268 1074 Majus
285 1042 370 1083 opus
387 1042 515 1064 moveo.
565 1031 641 1063 Rex
657 1042 739 1064 arva
756 1031 902 1064 Latinus
919 1035 954 1064 et
970 1031 1071 1064 urbes

152 1076 177 1109 J
180 1088 235 1109 am
253 1077 364 1109 senior
380 1076 485 1119 longa
501 1076 682 1120 placidas
673 1088 709 1109 111
727 1088 811 1120 pace
828 1077 978 1120 regebat.

152 1121 259 1154 Hunc
276 1122 397 1155 Fauno
414 1126 449 1155 et
466 1122 621 1165 nympha
637 1122 797 1165 genitum
814 1122 987 1155 Laurente
1003 1121 1138 1156 Marica

152 1167 373 1211 Accipimus:
399 1167 519 1200 Fauno
538 1167 640 1200 Picus
657 1172 776 1211 pater:
801 1167 898 1211 isque
915 1172 1095 1211 parentem

153 1212 210 1255 Te,
229 1212 387 1256 Saturne,
405 1213 510 1246 refert
526 1225 535 1253 ;
560 1216 602 1246 tu
619 1213 798 1255 sanguinis
815 1213 961 1246 ultimus
978 1217 1109 1247 auctor.

153 1258 264 1290 Filius
280 1258 372 1301 huic,
389 1258 462 1291 fato
480 1258 610 1300 divum,
627 1259 807 1302 prolesque
824 1259 933 1292 virilis
1226 1259 1271 1290 50

153 1302 261 1336 Nulla
277 1303 357 1346 fuit,
368 1303 554 1347 primaque
572 1304 682 1336 oriens
700 1308 818 1347 erepta
830 1305 979 1347 juventa
995 1306 1056 1337 est.

153 1348 233 1382 Sola
250 1349 391 1381 domum
407 1352 443 1381 et
460 1352 576 1382 tantas
594 1349 752 1382 servabat
769 1349 841 1382 filia
858 1349 963 1391 sedes,

154 1394 179 1427 J
181 1405 237 1427 am
254 1397 393 1427 matura
409 1394 491 1436 viro,
504 1395 579 1437 jam
596 1394 708 1438 plenis
724 1394 854 1427 nubilis
871 1394 981 1428 annis.

153 1438 263 1472 Multi
279 1440 376 1472 illam
393 1451 519 1482 magno
537 1451 555 1473 e
572 1440 672 1473 Latio
689 1444 832 1483 totaque
848 1439 1015 1483 petebant

154 1485 331 1526 Ausonia3
356 1485 446 1536 petit
463 1489 545 1518 ante
561 1485 645 1518 alios
662 1485 915 1529 pulcherrimus
932 1497 1049 1518 omnes

154 1529 301 1573 Turnus,
319 1530 392 1563 avis
409 1530 589 1574 atavisque
606 1535 752 1574 potens3
777 1542 880 1575 quem
895 1531 991 1574 regia
1007 1531 1135 1574 conjux

153 1575 311 1619 Adjungi
327 1587 492 1619 generum
508 1576 595 1609 miro
612 1575 818 1620 properabat
835 1588 973 1617 amore3

154 1620 221 1654 Sed
238 1621 342 1654 variis
359 1624 520 1673 portenta
538 1621 642 1654 deum
659 1621 845 1655 terroribus
862 1622 1010 1655 obstant.

154 1665 288 1699 Laurus
305 1670 379 1701 erat
396 1667 481 1700 tecti
497 1667 636 1700 medio
625 1678 663 1700 111
679 1667 914 1711 penetralibus
931 1667 1022 1710 altis,

155 1711 260 1745 Sacra
276 1722 418 1755 comam,
436 1712 633 1756 multosque
648 1716 747 1745 metu
764 1716 899 1746 servata
915 1724 977 1756 per
992 1723 1101 1746 annos
1116 1723 1125 1747 ε
1228 1714 1273 1746 60

156 1756 268 1798 Quam
285 1761 389 1801 pater⁴
400 1757 589 1800 inventam,
606 1758 736 1802 primas
753 1769 864 1802 quum
881 1758 1043 1792 conderet
1059 1769 1164 1801 arces,
