1345 1927
404 45 670 79 GEORGIOON
695 45 782 78 LIB.
810 45 870 78 IV.
1151 44 1196 78 87

86 111 173 146 Fata
190 114 324 156 vocant,
342 112 528 155 conditque
544 111 705 144 natantia
721 111 855 144 lumina
873 122 1020 145 somnus.

84 157 235 201 Jamque
251 157 328 190 vale
342 170 349 191 :
374 157 464 190 feror
480 157 616 200 ingenti
633 157 845 189 circumdata
864 162 973 199 nocte,

85 202 330 246 Invalidasque
346 203 411 236 tibi
428 203 583 244 tendens,
601 202 670 234 heu
686 213 756 234 non
774 206 844 244 tua,
863 202 996 245 palmas
1011 203 1030 235 !'

83 247 194 291 Dixit,
212 252 247 281 et
264 259 307 281 ex
324 248 430 281 oculis
448 248 571 290 subito,
589 258 652 280 ceu
669 247 786 280 fumus
803 247 840 279 in
857 259 957 280 auras

84 292 298 326 commixtus
315 297 447 335 tenues,
463 293 557 336 fugit
574 293 708 326 diversa
723 305 731 333 ;
756 304 867 336 neque
885 293 995 335 illum,
1129 294 1196 325 500

83 337 309 372 Prensantem
325 339 560 382 nequidquam
576 338 725 381 umbras,
743 342 778 371 et
795 338 908 371 muita
926 339 1100 371 volentem

82 382 215 427 Dicere,
233 388 398 428 praeterea
415 384 504 417 vidit
519 397 527 424 ;
552 395 615 416 nec
631 384 779 427 portitor
797 383 876 417 Orci

82 429 243 473 Amplius
260 430 429 473 objectam
445 441 566 473 passus
583 429 729 462 transire
747 429 919 473 paludem.

83 474 175 515 Quid
192 475 321 508 faceret
335 475 347 508 2
373 486 439 518 quo
456 486 501 518 se,
518 479 620 518 rapta
635 474 687 507 bis
705 476 862 518 conjuge,
880 475 1011 509 ferret?

83 519 158 560 Quo
177 520 262 553 fletu
278 531 405 563 manes,
424 531 492 564 qua
509 520 655 553 numina
672 531 753 553 voce
769 525 922 553 moveret
936 520 948 554 ’.ἱ

82 565 150 598 Illa
168 565 307 609 quidem
324 565 446 610 Stygia
462 566 569 599 nabat
581 567 657 609 jam
673 566 802 609 frigida
819 566 950 609 cymba.

81 609 221 654 Septem
237 611 339 644 illum
355 616 444 644 totos
461 611 644 655 perhibent
661 623 705 644 ex
722 611 841 644 ordine
857 623 992 645 menses

82 655 181 700 Rupe
199 656 261 689 sub
278 657 374 690 aeria
389 657 516 690 deserti
532 657 576 690 ad
594 656 786 700 Strymonis
803 657 936 690 undam

81 700 292 744 Flevisse‚⁴et
309 702 430 745 gelidis
447 702 521 735 haec
538 702 703 735 evolvisse
720 702 782 735 sub
800 703 919 745 antris,

80 746 296 780 Mulcentem
311 748 426 791 tigres,
444 751 479 780 et
495 752 657 790 agentem
674 748 825 780 carmine
843 759 1011 791 quercus:
1128 749 1194 780 510

81 791 201 833 Qualis
217 793 366 836 populea
380 803 524 825 maerens
541 792 734 826 Philomela
751 793 814 825 sub
831 793 955 826 umbra

80 837 232 871 Amissos
249 838 406 882 queritur
421 839 523 880 fetus,
541 849 625 882 quos
642 838 749 871 durus
766 842 881 871 arator

81 882 272 916 observans
289 883 370 916 nido
386 883 571 924 implumes
589 883 742 917 detraxit
756 895 763 917 :
788 888 826 917 at
842 884 904 917 illa

79 927 159 961 Flet
174 933 320 972 noctem,
336 940 500 973 ramoque
517 929 637 962 sedens
652 929 846 963 miserabile
863 940 1003 963 carmen

80 972 248 1018 Integrat,
266 978 301 1007 et
316 974 444 1008 maestis
460 974 532 1008 late
547 974 623 1008 loca
639 975 816 1018 questibus
832 975 964 1019 implet.

78 1018 186 1053 Nulla
203 1020 331 1063 Venus,
347 1031 418 1053 non
434 1020 499 1053 ulli
515 1020 672 1053 animum
688 1020 814 1053 flexere
831 1019 1026 1064 hymenaei3

78 1064 177 1098 Solus
193 1065 420 1110 hyperboreas
437 1066 565 1109 glacies
582 1066 798 1110 Tanaimque
815 1066 977 1110 nivalem,

77 1110 239 1155 Arvaque
258 1111 410 1156 Rhipaeis
427 1122 610 1155 nunquam
621 1111 766 1145 viduata
782 1112 917 1156 pruinis

79 1154 277 1197 Lustrabat,
292 1161 430 1201 raptam
446 1157 645 1201 Eurydicen
661 1161 768 1201 atque
785 1158 884 1191 irrita
901 1157 994 1191 Ditis

79 1200 180 1235 Dona
196 1213 340 1246 querens
354 1215 361 1236 :
387 1207 508 1246 spretae
527 1203 692 1236 Ciconum
708 1214 776 1247 quo
791 1214 934 1236 munere
950 1207 1088 1247 matres,
1126 1204 1192 1236 520

79 1245 177 1280 Inter
193 1259 289 1281 sacra
305 1248 409 1281 deum
425 1248 656 1292 nocturnique
673 1249 769 1291 orgia
785 1248 923 1291 Bacchi,

77 1291 298 1336 Discerptum
314 1293 402 1326 latos
414 1295 581 1335 juvenem
598 1305 750 1337 sparsere
766 1305 828 1337 per
844 1305 952 1337 agros.

77 1336 167 1370 Tum
185 1349 330 1382 quoque,
348 1349 538 1372 marmorea
554 1342 660 1382 caput
677 1350 698 1372 a
714 1339 846 1372 cervice
862 1339 1039 1373 revulsum

82 1382 227 1427 Gurgite
245 1394 354 1427 quum
369 1383 482 1417 medio
499 1388 640 1427 portans
657 1384 818 1428 OEagrius
836 1385 974 1418 Hebrus

80 1428 252 1470 Volveret,
269 1429 279 1446 ‘
289 1429 497 1472 Eurydicen’
514 1439 583 1462 vox
599 1429 674 1473 ipsa
690 1433 725 1461 et
741 1429 868 1472 frigida
886 1429 1018 1471 lingua,

99 1474 156 1507 Ah
172 1474 332 1506 miseram
350 1474 546 1518 Eurydicen
561 1475 580 1509 !’
604 1474 721 1507 anima
737 1474 894 1517 fugiente
912 1474 1079 1514 vocabam

81 1520 90 1536 ‘
101 1519 308 1562 Eurydicen'
326 1524 398 1552 toto
415 1519 610 1552 referebant
626 1519 769 1552 flumine
786 1519 905 1563 ripae.'’

123 1564 209 1597 Haec
227 1564 372 1597 Proteus
386 1575 392 1597 ε
418 1567 453 1596 et
470 1575 504 1596 se
517 1565 618 1607 jactu
635 1563 732 1596 dedit
748 1573 863 1606 aequor
880 1564 917 1595 in
933 1564 1045 1597 altum
1061 1576 1069 1604 ;

77 1609 223 1653 Quaque
240 1609 346 1652 dedit,
364 1615 583 1653 spumantem
599 1609 730 1641 undam
747 1608 810 1641 sub
829 1609 956 1642 vertice
973 1609 1082 1643 torsit.

77 1655 126 1688 At
141 1666 212 1688 non
229 1654 359 1699 Cyrene
377 1667 384 1696 ;
408 1665 559 1697 namque
577 1654 668 1687 ultro
685 1654 790 1687 affata
809 1654 1011 1688 timentem:
1124 1658 1191 1689 530

129 1703 147 1720 “
159 1702 259 1744 Nate,
276 1702 356 1735 licet
373 1703 486 1735 tristes
502 1701 616 1734 animo
633 1701 801 1744 deponere
819 1713 926 1735 curas

83 1748 168 1782 Haec
185 1748 294 1780 omnis
310 1747 420 1780 morbi
437 1759 539 1782 causa
549 1759 558 1787 ;
584 1746 664 1779 hine
681 1747 872 1780 miserabile
889 1748 1070 1793 Nymphae,
