1345 1927
134 34 178 67 98
444 30 481 64 Ρ.
508 28 713 63 VIRGILII
739 27 954 62 MARONIS

135 100 204 141 Qui
221 102 373 141 teneant,
391 109 472 132 nam
489 98 624 131 inculta
641 97 745 140 videt,
763 97 966 130 hominesne
981 96 1119 140 feraene,

136 146 297 186 Quaerere
313 144 507 187 constituit,
525 144 692 187 sociisque
709 148 833 176 exacta
848 142 984 176 referre.

137 191 287 224 Classem
303 190 340 223 111
357 200 510 223 convexo
529 200 709 222 nemorum
727 188 790 222 sub
806 200 892 232 rupe
910 192 1034 222 cavata.
1188 189 1256 222 310

137 236 324 270 Arboribus
342 235 495 269 clausam
512 235 643 268 circum
660 239 766 278 atque
782 234 1004 268 horrentibus
1021 233 1152 267 umbris

139 282 297 316 Occulit:
322 281 396 326 ipse
412 292 481 314 uno
498 281 658 325 graditur
674 280 860 313 comitatus
877 280 1022 324 Achate,

138 328 228 362 Bina
243 339 352 361 manu
368 327 440 361 lato
457 328 610 371 crispans
626 326 768 359 hastilia
785 326 883 360 ferro.

139 374 203 407 Cui·
219 378 330 406 mater
346 373 461 406 media
478 384 549 406 sese
565 372 650 405 tulit
667 372 768 405 obvia
785 372 880 414 silva,

140 419 295 462 Virginis
312 430 348 452 os
365 418 594 462 habitumque
611 429 731 462 gerens
749 422 784 451 et
801 417 946 460 virginis
963 428 1060 451 arma

140 465 330 509 Spartanae,
348 465 404 497 vel
421 464 534 508 qualis
551 475 654 508 equos
672 464 833 497 Threissa
849 463 978 506 fatigat

142 510 351 554 Harpalyce,
369 509 612 553 volucremque
629 509 715 552 fuga
731 509 954 552 praevertitur
970 520 1102 542 eurum.

142 556 303 599 Namque
320 555 472 588 humeris
489 555 532 588 de
548 566 642 588 more
659 554 811 587 habilem
828 555 1054 598 suspenderat
1070 565 1190 588 arcum

143 602 324 644 Venatrhx,
343 601 553 645 dederatque
571 611 704 634 comam
721 600 915 633 diffundere
931 600 1055 643 ventis,

143 648 175 680 N
179 647 249 680 uda
266 658 369 690 genu,
386 647 544 690 nodoque
562 647 658 679 sinus
675 646 819 679 collecta
835 646 991 679 fluentes.
1166 656 1171 660 ’
1193 647 1261 679 320

143 694 194 726 Ac
212 693 313 736 prior,
333 695 351 711 ‘⁶
365 694 493 736 Heus,”
510 693 638 737 inquit,
655 694 674 708 ⁶²
680 694 838 735 juvenes,
855 693 1045 723 monstrate
1060 700 1216 724 mearum

145 738 291 771 Vidistis
310 738 338 771 si
355 749 459 782 quam
476 738 533 771 1110
550 742 723 771 errantem
739 738 828 771 forte
845 749 1008 779 sororum,

145 784 366 818 succinctam
384 784 547 827 pharetra
564 788 599 817 et
615 783 798 816 maculosae
817 783 970 826 tegmine
986 783 1106 826 lyncis,

146 831 219 863 Aut
236 830 430 873 spumantis
448 829 523 873 apri
540 841 680 862 cursum
697 829 845 862 clamore
861 829 1109 872 prementem.”

193 876 248 908 Sic
266 875 384 908 Venus
399 887 407 916 ;
432 879 467 908 et
485 875 628 908 Veneris
645 879 765 908 contra
781 875 830 908 sic
846 874 940 907 filius
957 885 1072 907 orsus:

144 921 163 937 “
175 920 283 953 Nulla
300 925 442 953 tuarum
459 920 580 952 audita
596 919 685 951 mihi
701 930 812 962 neque
829 922 901 954 visa
919 929 1080 959 sororum,

147 964 328 1007 O—quam
346 967 381 996 te
397 964 727 1007 memorem—virgo
741 963 754 997 ’ἐ
777 975 928 1007 namque
945 963 1040 997 haud
1056 963 1123 997 tibi
1138 964 1259 997 vultus

145 1009 313 1051 Mortalis,
331 1020 395 1042 nec
412 1021 480 1042 vox
497 1009 672 1042 hominem
689 1014 796 1043 sonat.
846 1010 873 1044 Ο
891 1010 955 1043 dea
972 1013 1084 1043 certe:

146 1055 203 1088 An
220 1054 343 1088 Phoebi
360 1066 452 1088 soror
466 1054 478 1088 ἵ
504 1066 549 1088 311
565 1056 801 1099 nympharum
818 1056 997 1099 sanguinis
1014 1055 1111 1089 una?

146 1100 199 1134 Sis
215 1101 312 1143 felix,
329 1106 555 1144 nostrumque
571 1101 672 1144 leves,
691 1113 927 1145 quaecumque,
947 1100 1108 1144 laborem,
1197 1102 1266 1135 330

146 1146 192 1179 Et
209 1158 276 1190 quo
294 1145 357 1179 sub
374 1146 458 1179 coelo
475 1147 627 1189 tandem,
645 1147 770 1191 quibus
787 1147 877 1180 orbis
894 1148 931 1180 in
948 1147 1015 1180 oris

146 1192 171 1225 J
173 1197 338 1234 3010111111,
356 1192 486 1225 doceas
536 1192 655 1236 Ignari
672 1193 920 1237 hominumque
937 1193 1158 1237 locorumque

146 1238 319 1279 Erramus,
337 1242 442 1271 vento
458 1237 528 1271 huc
545 1242 580 1271 et
597 1239 704 1272 vastis
720 1239 884 1272 fluctibus
901 1239 983 1272 acti.

146 1283 264 1316 Multa
280 1283 346 1316 tibi
362 1287 444 1316 ante
461 1295 538 1317 aras
555 1289 671 1318 nostra
689 1284 791 1318 cadet
808 1285 922 1318 hostia
938 1284 1071 1319 dextra.
1078 1282 1096 1297 '²

192 1330 282 1362 Tum
300 1329 418 1362 Venus
433 1341 440 1363 :
465 1333 483 1349 “
497 1331 608 1364 Haud
625 1332 786 1375 equidem
803 1332 868 1365 tali
883 1342 939 1364 me
956 1331 1082 1375 dignor
1097 1330 1226 1364 honore
1242 1342 1252 1371 3

148 1375 353 1418 Virginibus
370 1375 483 1419 Tyriis
498 1386 572 1408 mos
589 1379 641 1408 est
657 1380 793 1419 gestare
809 1378 1019 1420 pharetram,

147 1421 395 1464 Purpureoque
411 1421 482 1454 alte
500 1432 597 1454 suras
615 1421 747 1455 vincire
764 1422 944 1455 cothurno.

146 1466 281 1500 Pum‘ca
296 1477 404 1509 regna
420 1467 526 1509 vides,
546 1467 665 1511 Tyrios
683 1471 718 1501 et
734 1467 903 1510 Agenoris
919 1466 1042 1501 urbem
1055 1479 1065 1510 ς

146 1512 212 1546 Sed
229 1512 314 1545 fines
332 1511 462 1555 Libyci,
479 1524 589 1556 genus
605 1512 827 1546 intractabile
843 1513 943 1547 bello.

147 1558 339 1602 Imperium
356 1558 446 1591 Dido
465 1558 569 1602 Tyria
584 1559 676 1602 regit
692 1559 777 1592 urbe
794 1559 959 1603 profecta,
1200 1560 1270 1592 340

146 1604 358 1637 Germanum
373 1604 521 1647 fugiens.
570 1604 690 1648 Longa
706 1609 758 1638 est
774 1605 912 1648 injuria,
930 1605 1042 1648 longae

145 1649 342 1693 Ambages;
368 1650 426 1683 sed
444 1661 579 1684 summa
596 1662 720 1695 sequar
735 1651 878 1694 fastigia
893 1662 1019 1685 rerum.

145 1694 240 1730 Huic
258 1697 386 1741 conjux
403 1695 569 1740 Sychaeus
586 1702 670 1740 erat,
688 1697 880 1731 ditissimus
895 1696 973 1743 agri
