1320 1932
390 90 607 124 AENEIDOS
633 90 718 124 LIB.
746 90 804 123 IX.
1088 90 1150 122 291

42 154 195 192 Detorsit
212 157 352 191 veniens
367 170 376 199 3
400 162 575 202 portaeque
591 157 750 200 infigitur
766 157 875 190 hasta.

43 205 62 219 “
73 203 119 235 At
136 213 204 235 non
221 202 285 235 hoc
303 203 421 243 telum,
439 214 516 236 mea
533 203 622 246 quod
640 204 674 235 vi
692 202 834 235 dextera
851 205 973 243 versat,

42 247 195 287 Effugies
208 260 217 288 ;
241 259 353 291 neque
370 248 462 281 enim
478 248 507 280 is
522 248 585 281 teli
601 259 665 281 nec
681 247 833 281 vulneris
851 247 1005 281 auctor.’'

41 293 98 326 Sic
115 294 175 335 ait,
193 297 228 326 et
246 292 422 326 sublatum
439 293 509 325 alte
526 292 703 334 consurgit
720 293 757 324 in
775 302 901 333 ensem,

41 339 87 372 Et
104 338 255 371 mediam
271 338 360 371 ferro
378 338 516 381 gemina
532 337 624 370 inter
641 341 797 380 tempora
812 336 963 369 frontem
1092 335 1158 369 750

41 384 187 426 Dividit,
205 384 432 427 impubesque
448 382 593 416 immani
610 382 753 415 vulnere
769 382 888 415 malas.

42 429 101 462 Fit
118 440 220 462 sonus
235 441 243 470 3
268 429 403 472 ingenti
420 439 585 462 concussa
601 431 653 461 est
669 427 820 472 pondere
838 426 951 461 tellus.

43 474 216 518 Collapsos
233 478 329 508 artus
346 479 452 518 atque
468 485 565 507 arma
581 477 726 506 cruenta
743 473 880 506 cerebro

43 519 176 553 Sternit
193 520 292 553 humi
308 520 457 553 moriens
472 532 480 560 ;
504 523 610 563 atque
626 519 679 552 illi
696 519 853 563 partibus
870 518 976 563 aequis

44 566 125 598 Huc
142 569 248 609 caput
264 569 370 609 atque
387 565 471 598 illuc
488 565 631 598 humero
648 576 692 597 ex
708 568 855 608 utroque
872 563 1049 609 pependit.

43 611 244 654 Diffugiunt
262 611 351 644 versi
367 610 503 654 trepida
519 610 702 643 formidine
720 610 832 644 Troes.

43 656 91 689 Et
108 657 136 689 si
153 657 317 689 continuo
335 656 500 689 victorem
517 667 557 689 ea
573 667 655 689 cura
673 655 829 699 subisset,

46 702 220 745 Rumpere
237 702 389 734 claustra
404 713 512 734 manu
529 701 702 744 sociosque
719 701 908 735 immittere
924 700 1053 746 portis:

30 747 200 780 „Ultimus
216 747 276 780 ifle
293 747 365 780 dies
382 747 471 779 bello
488 747 653 789 gentique
669 746 800 780 fuisset.

47 791 114 825 Sed
130 793 227 826 furor
243 792 422 825 ardentem
441 792 611 835 caedisque
627 791 750 825 insana
767 792 893 836 cupido
1095 791 1161 826 760

46 837 131 881 Egit
147 838 185 870 in
201 837 369 871 adversos.

46 882 222 927 Principio
240 883 415 916 Phalerim
432 887 467 916 et
485 882 615 915 succiso
632 882 763 926 poplite
781 883 903 926 Gygen

46 928 189 972 Excipit
203 941 212 970 3
237 928 319 962 hinc
336 933 454 972 raptas
470 928 688 971 fugientibus
705 929 832 972 ingerit
849 927 966 962 hastas

47 973 91 1007 In
108 978 245 1017 tergum
259 986 266 1008 :
292 974 317 1007 J
319 986 388 1007 uno
405 974 493 1008 vires
510 974 734 1017 animumque
750 974 935 1008 ministrat.

47 1020 157 1053 Addit
176 1020 307 1063 Halym
324 1020 494 1061 comitem,
512 1023 548 1052 et
565 1019 700 1052 confixa
717 1019 855 1063 Phegea
871 1031 991 1064 parma
1005 1032 1015 1061 ;

48 1064 191 1108 Ignaros
207 1065 332 1098 deinde
349 1066 386 1098 in
402 1065 510 1098 muris
528 1065 750 1109 Martemque
767 1066 907 1109 cientes,

47 1110 331 1154 Alcandrumque
349 1111 562 1154 Haliumque
569 1109 815 1154 Noemonaque
833 1111 1083 1155 Prytanimque
1099 1122 1108 1152 ;

48 1155 186 1199 Lyncea
203 1157 405 1189 tendentem
421 1160 550 1198 contra,
568 1156 742 1200 sociosque
759 1160 949 1200 vocantem,

49 1201 212 1234 Vibranti
229 1201 351 1245 gladio-
362 1201 529 1234 connixus
546 1201 589 1235 ab
606 1212 730 1244 aggere
748 1202 870 1235 dexter

50 1247 206 1291 Occupat
220 1259 227 1280 ι
252 1247 334 1280 huic
352 1258 421 1280 uno
438 1247 613 1291 dejectum
629 1247 784 1280 cominus
800 1247 875 1281 ictu
1045 1249 1047 1251 ’
1099 1247 1166 1281 770

50 1292 136 1326 Cum
153 1293 253 1336 galea
269 1293 371 1336 longe
382 1293 496 1336 jacuit
513 1296 627 1336 caput.
676 1293 763 1325 Inde
780 1292 932 1326 ferarum

52 1338 273 1372 Vastatorem
290 1338 472 1382 Amycum,
491 1349 558 1382 quo
575 1349 645 1370 11011
661 1338 794 1371 felicior
810 1339 899 1372 alter

51 1384 190 1427 Ungere
207 1384 278 1417 tela
294 1395 412 1426 manu,
429 1384 628 1427 ferrumque
645 1395 778 1416 armare
796 1395 927 1417 veneno
943 1397 951 1424 ;

52 1429 98 1462 Et
116 1429 269 1472 Clytium
286 1429 456 1472 AEoliden,
474 1433 509 1462 et
526 1429 677 1462 amicum
695 1429 840 1462 Crethea
857 1430 968 1463 Musis
983 1442 992 1471 ;

53 1475 199 1508 Crethea
216 1475 397 1508 Musarum
414 1475 585 1517 comitem,
603 1475 660 1507 cui
677 1475 832 1508 carmina
850 1486 984 1519 semper

52 1520 99 1553 Et
116 1520 258 1553 citharae
276 1520 380 1563 cordi,
397 1531 625 1563 numerosque
642 1520 821 1553 intendere
838 1521 952 1553 nervis
967 1533 976 1562 ;

53 1565 195 1609 Semper
211 1577 316 1609 equos
333 1570 438 1609 atque
455 1577 551 1599 arma
567 1566 691 1608 virum,
708 1577 912 1609 pugnasque
930 1564 1086 1600 canebat.

99 1611 254 1644 Tandem
271 1611 439 1653 ductores,
457 1611 579 1644 audita
595 1611 687 1643 caede
704 1622 854 1654 suorum,

54 1656 274 1689 Conveniunt
291 1656 423 1699 Teucri,
442 1656 643 1689 Mnestheus
660 1668 805 1700 acerque
823 1657 977 1690 Serestus
992 1669 1001 1698 ;

56 1701 288 1744 Palantesque
305 1702 426 1734 vident
443 1702 558 1739 socios,
576 1702 777 1745 hostemque
794 1706 982 1746 receptum.
1104 1702 1170 1737 780

55 1747 100 1780 Et
117 1747 328 1789 Mnestheus,
344 1748 446 1786 “Quo
464 1748 587 1781 deinde
604 1749 734 1791 fugam,
749 1759 814 1791 quo
829 1748 972 1780 tenditis
982 1747 1016 1780 7³⁹
1042 1747 1168 1793 inquit.

57 1793 75 1810 “
87 1793 177 1834 Quos
195 1794 278 1827 alios
295 1805 417 1833 muros,
437 1795 599 1836 quaejam
618 1793 709 1826 ultra
726 1794 852 1827 moenia
870 1793 1004 1827 habetis
1021 1793 1030 1827 2
