1330 1932
447 92 666 126 AENEIDOS
691 92 778 127 LIB.
807 93 866 127 VI.
1146 95 1212 126 217

94 159 236 193 Pectore
246 172 254 200 ;
279 171 342 193 nec
359 159 454 193 fibris
471 160 607 203 requies
624 159 728 192 datur
745 159 817 192 ulla
833 160 973 193 renatis.
1146 161 1213 192 600

95 205 186 246 Quid
202 216 387 238 memorem
404 205 580 248 Lapithas,
600 205 724 237 Ixiona
741 204 1030 248 Pirithoumque?

95 250 186 291 Quos
203 262 305 294 super
321 254 398 283 atra
415 250 502 283 silex
514 251 590 293 jam
601 251 676 293 jam
693 250 834 293 lapsura
852 250 1060 294 cadentique

94 295 260 328 Imminet
276 295 445 329 assimilis.
486 295 620 328 Lucent
637 295 832 338 genialibus
849 295 931 328 altis

91 340 209 373 Aurea
224 340 338 374 fulcra
354 341 448 384 toris,
466 340 648 384 epulaeque
665 345 747 373 ante
765 352 823 373 ora
840 346 971 384 paratae

93 385 246 428 Regifico
263 386 371 427 luxu3
397 386 583 419 Furiarum
600 386 756 418 maxima
767 387 876 429 juxta

92 430 259 474 Accubat,
278 436 313 464 et
328 431 490 464 manibus
507 431 668 475 prohibet
685 432 886 474 cont-ingere
902 443 1048 475 mensas,

91 475 329 520 Exsurgitque
345 477 457 510 facem
475 477 648 519 attollens,
668 481 774 520 atque
791 477 930 510 intonat
947 488 1013 511 ore.

92 520 171 562 Hic,
189 522 315 565 quibus
332 522 436 555 invisi
452 523 586 565 fratres,
605 522 689 555 dum
706 522 780 555 vita
796 522 971 565 manebat,

91 565 300 600 Pulsatusve
316 579 450 610 parens,
467 572 502 600 et
520 567 615 600 fraus
632 568 763 600 innexa
779 568 900 601 clienti
915 581 924 609 ς

90 612 164 645 Aut
181 612 241 655 qui
258 612 391 645 divitiis
411 613 473 646 soli
490 612 678 646 incubuere
694 614 849 656 repertis,
1147 615 1214 646 610

89 656 123 689 N
125 668 162 690 ec
180 662 314 701 partem
332 669 474 701 posuere
492 658 572 701 suis,
591 669 666 701 quae
682 659 838 691 maxima
855 658 959 692 turba
976 662 1028 692 est
1044 671 1053 700 ;

91 702 228 746 Quique
244 703 286 736 ob
303 703 516 736 adulterium
533 704 612 736 eaesi
626 716 634 744 3
661 704 788 747 quique
805 715 903 737 arma
920 705 1030 737 secuti

90 747 213 791 Impia,
232 760 295 782 neo
312 749 415 782 veriti
432 749 651 782 dominorum
668 749 789 782 fallere
806 749 1006 792 dextras,—

90 793 222 826 Inclusi
239 805 377 837 poenam
394 799 608 837 exspectant.
650 794 703 827 Ne
721 805 835 837 quaere
853 794 978 838 doceri,

90 838 203 879 Quam
219 850 382 882 poenam0,
407 844 469 872 aut
486 850 563 882 quae
581 840 690 872 forma
708 840 797 872 viros
814 840 999 873 fortunave
1015 840 1144 874 mersit.

89 883 221 917 Saxum
237 885 360 927 ingens
378 885 525 917 volvunt
542 884 612 926 alii,
630 884 780 918 radiisve
797 889 953 918 rotarum

88 929 251 962 Districti
267 930 441 973 pendent3
467 930 573 973 sedet,
592 934 831 974 aeternumque
849 931 992 974 sedebit,

88 974 221 1008 Infelix
239 975 409 1016 Theseus;
436 975 677 1018 Phlegyasque
693 975 907 1009 miserrimus
924 987 1043 1010 omnes

87 1020 273 1063 Admonet,
290 1025 326 1054 et
342 1033 471 1075 magna
487 1025 639 1054 testatur
655 1032 738 1054 voce
755 1033 816 1064 per
832 1021 994 1055 umbras.

86 1067 95 1084 ‘
106 1066 238 1099 Discite
254 1067 430 1110 justitiam
446 1067 581 1104 moniti,
599 1071 634 1100 et
650 1079 719 1100 nou
738 1072 892 1102 temnere
909 1067 1032 1102 divos.'
1144 1069 1212 1101 620

88 1110 258 1143 Vendidit
274 1110 332 1143 hic
349 1121 433 1143 auro
450 1109 612 1153 patriam,
630 1109 879 1152 dominumque
896 1113 1076 1153 potentem

87 1155 282 1200 Imposuit;
307 1155 387 1188 fixit
403 1155 497 1206 leges
514 1155 625 1198 pretio
643 1159 748 1197 atque
765 1155 904 1188 refixit:

88 1201 158 1235 Hic
174 1201 372 1234 thalamum
387 1201 517 1234 invasit
535 1204 628 1233 natae
646 1200 840 1243 vetitosque
857 1200 1074 1243 hymenaeos:

87 1247 176 1280 Ausi
192 1258 308 1279 omnes
325 1247 476 1279 immane
493 1245 601 1288 nefas,
619 1256 770 1288 ausoque
787 1246 901 1289 potiti.

88 1292 178 1334 Non,
195 1292 282 1324 mihi
299 1291 328 1324 si
343 1292 474 1334 linguae
491 1295 635 1323 centum
651 1290 732 1332 siut,
750 1301 877 1333 oraque
895 1294 1047 1334 centum,

88 1337 215 1370 Ferrea
231 1348 309 1379 vox,
327 1348 444 1369 omnes
461 1336 630 1368 scelerum
646 1336 890 1378 comprendere
906 1337 1045 1379 formas,

85 1382 212 1417 Omnia
228 1393 411 1426 poenarum
428 1393 627 1425 percurrere
644 1382 788 1414 nomina
803 1381 963 1425 possim.''

133 1427 220 1460 Haec
235 1427 298 1461 ubi
314 1428 409 1460 dicta
426 1427 522 1460 dedit
536 1426 661 1460 Phoebi
678 1426 835 1469 longaeva
853 1426 1007 1459 sacerdos
1022 1437 1029 1458 :

86 1473 105 1491 “
117 1473 184 1508 Sed
196 1474 272 1516 jam
288 1484 362 1516 age,
380 1483 481 1516 carpe
499 1472 602 1513 viam,
622 1476 657 1505 et
675 1475 876 1515 susceptum
892 1471 1017 1515 perfice
1033 1482 1162 1505 munus
1176 1483 1185 1512 ς

87 1518 357 1560 ΑοοθΙθῑειιῃιιεΓ
375 1519 446 1552 ait:
473 1518 492 1534 “
507 1518 699 1561 Cyclopum
716 1517 843 1550 educta
860 1517 1006 1550 caminis
1142 1519 1210 1551 630

87 1564 220 1598 Moenia
236 1563 417 1608 conspicio,
435 1566 539 1606 atque
557 1563 700 1596 adverso
717 1562 849 1595 fornice
866 1567 993 1605 portas,

89 1610 175 1642 Haec
191 1609 253 1642 ubi
269 1620 330 1642 nos
347 1612 520 1652 praecepta
532 1609 661 1652 jubent
678 1607 849 1651 deponere
866 1607 991 1641 donaff’

85 1655 242 1696 Dixerat,
259 1658 295 1688 et
311 1655 441 1698 pariter
457 1655 564 1697 gressi
581 1665 642 1697 per
660 1664 769 1697 opaca
785 1653 922 1686 viarum

88 1699 286 1744 Corripiunt
303 1700 454 1743 spatium
471 1699 638 1741 medium,
655 1699 857 1742 foribusque
873 1697 1122 1742 propinquant.
