1320 1932
588 71 720 106 OIRIS.
1150 70 1217 105 401

101 142 158 178 Sic
173 142 306 187 liquido
323 140 447 185 Scyllae
463 139 715 173 circumfusum
731 148 868 181 aequore
884 147 1008 181 corpus

101 188 261 223 Semiferi
276 187 417 221 incertis
434 185 540 220 etiam
555 195 651 217 nunc
667 183 825 228 partibus
845 187 944 217 artus

102 235 265 279 Undique
280 232 476 275 mutabant,
492 235 598 275 atque
614 230 770 273 undique
785 228 1023 262 mutabantur.

103 280 179 314 Oris
195 280 303 313 honos
318 278 480 322 primum,
497 281 533 310 et
548 276 670 309 multis
687 278 808 319 optata
824 273 961 317 labella,

101 326 150 359 Et
166 325 297 370 patulae
313 323 439 357 frontis
456 322 594 367 species,
612 331 827 355 concrescere
843 320 881 352 in
898 331 1009 352 unum

103 371 252 415 Goepere‚
269 374 305 404 et
321 369 443 413 gracili
458 372 618 401 mentum
633 366 822 411 producere
838 370 956 398 rostro.

102 416 202 460 Tum,
220 427 289 460 qua
305 426 340 448 se
355 414 510 448 medium
525 413 650 457 capitis
667 412 852 445 discrimen
868 410 1004 454 agebat,

103 462 192 496 Ecce
207 464 358 506 repente,
375 459 474 494 velut
489 459 619 503 patrios
636 458 795 492 imitatus
812 457 967 499 honores,
1153 455 1221 489 500

103 507 321 552 Purpuream
337 505 510 539 concussit
526 515 616 548 apex
631 503 670 536 in
686 503 815 537 vertice
832 502 990 535 cristam:

103 553 152 587 At
167 552 282 586 mollis
298 551 410 586 varios
425 551 587 584 intexens
603 549 725 593 pluma
741 548 868 581 colores

103 598 340 632 Marmoreum
355 596 488 630 volucri
504 595 647 629 vestivit
663 594 817 638 tegmine
834 604 967 637 corpus,

104 644 283 688 Lentaque
299 646 485 687 perpetuas
500 640 670 674 fuderunt
685 639 828 674 brachia
844 650 986 683 pennas.

105 690 192 723 Inde
209 689 295 723 alias
312 692 438 732 partes,
453 687 630 730 minioque
646 686 779 719 infecta
794 684 935 718 rubenti

105 737 225 777 Crura,
242 744 332 767 nova
348 732 475 766 macies
492 731 641 765 obduxit
658 731 818 775 squalida
835 730 928 773 pelli,

104 779 151 812 Et
168 779 313 824 pedibus
330 778 458 812 teneris
474 788 610 821 ungues
627 778 772 810 confixit
788 780 918 809 acutos.

106 824 153 858 Et
169 830 288 858 tamen
304 824 369 857 hoc
386 823 527 856 demum
542 823 675 856 miserae
693 833 888 855 succurrere
905 824 1009 865 pacto

108 869 178 903 Vix
194 871 311 903 fuerat
327 869 466 913 placida
481 868 639 912 Neptuni
656 869 804 911 conjuge
821 867 976 910 dignum.

105 915 297 960 Nunquam
313 915 411 948 illam
427 914 571 958 posthac
588 913 680 947 oculi
696 913 813 946 videre
830 923 971 945 suorum
1157 912 1224 944 510

106 960 304 1006 Purpureas
320 960 410 994 flavo
426 959 636 993 retinentem
653 959 782 993 vertice
799 958 907 992 vittas
922 970 930 998 ;

104 1006 139 1040 N
139 1018 184 1040 on
200 1007 376 1040 thalamus
394 1005 497 1049 Tyrio
512 1005 672 1048 fragrans
690 1004 824 1048 accepit
841 1014 984 1045 amomo,

104 1052 222 1086 Nullae
238 1052 337 1085 illam
353 1051 458 1084 sedes.
506 1050 598 1092 Quid
611 1051 686 1094 jam
703 1061 783 1083 cum
800 1049 938 1082 sedibus
955 1048 1008 1081 illi
1022 1047 1036 1082 Ζ

107 1098 192 1139 Quae
209 1097 314 1130 simul
329 1100 371 1130 ut
389 1107 461 1130 sese
477 1107 562 1129 cano
581 1096 623 1128 de
639 1095 780 1139 gurgite
796 1094 898 1128 velox

106 1143 195 1177 Cum
211 1143 328 1176 sonitu
344 1142 389 1183 ad
405 1141 532 1174 coelum
548 1140 775 1174 stridentibus
792 1140 922 1173 extulit
939 1139 1013 1183 alis,

106 1188 154 1222 Et
170 1188 323 1222 multum
338 1188 411 1221 late
427 1187 589 1231 dispersit
605 1187 643 1219 in
660 1197 797 1230 aequore
812 1197 944 1226 rorem;

108 1234 239 1268 Infelix
256 1234 353 1277 virgo
369 1233 607 1277 nequidquam
623 1243 645 1266 a
660 1236 772 1265 morte
787 1236 929 1275 recepta

106 1279 289 1313 Incultum
306 1279 386 1312 solis
402 1279 440 1311 in
456 1278 602 1322 rupibus
619 1277 730 1321 exigit
748 1288 871 1319 aevum,

108 1324 266 1369 Rupibus
280 1329 316 1358 et
332 1323 491 1368 scopulis,
505 1327 543 1357 et
558 1323 718 1357 litoribus
735 1323 888 1356 desertis.

106 1370 141 1404 N
142 1382 180 1404 ec
197 1375 315 1404 tamen
331 1370 396 1403 hoc
411 1370 540 1403 iterum
556 1380 659 1413 poena
675 1369 766 1402 sine:
784 1379 936 1412 namque
947 1366 1052 1401 defim
1067 1378 1144 1410 rex,
1161 1368 1226 1401 523

108 1416 235 1450 Omnia.
251 1416 311 1460 qui
327 1415 472 1460 imperio
488 1419 660 1449 terrarum
675 1414 789 1447 millia
804 1418 930 1455 versat,

108 1461 306 1495 Commotus
322 1461 430 1495 talem
446 1461 491 1494 ad
508 1472 648 1505 superos
665 1460 811 1494 volitare
827 1459 991 1503 puellam,

108 1507 224 1548 Quum
240 1511 340 1552 pater
355 1506 548 1540 exstinctus
564 1517 654 1540 caeca
670 1505 733 1539 sub
749 1510 850 1539 nocte
866 1505 1003 1549 lateret,

109 1552 168 1586 Illi
184 1564 247 1597 pro
263 1553 395 1597 pietate
411 1564 606 1586 sua—nam
623 1563 715 1596 saepe
732 1551 867 1595 tepenti

108 1598 287 1642 Sanguine
303 1602 483 1632 taurorum
500 1598 649 1642 supplex
664 1600 874 1641 resperserat
890 1607 967 1630 aras
981 1608 995 1637 ;

108 1643 208 1688 Saepe
222 1643 327 1677 desim
343 1643 442 1688 largo
460 1644 639 1678 decorarat
655 1654 800 1676 munere
818 1643 962 1676 sedes—-

110 1689 277 1724 Reddidit
294 1693 451 1734 optatam
466 1693 604 1723 mutato
621 1700 760 1733 corpore
774 1689 894 1731 vitam,

111 1734 210 1769 Fecit
226 1739 261 1769 et
276 1735 316 1769 in
331 1735 431 1769 terris
449 1735 642 1769 Haliaeetus
658 1735 730 1769 ales
746 1738 788 1768 ut
804 1739 916 1769 esset}

643 1781 714 1818 nd
