1345 1927
107 69 176 101 402
417 67 456 102 P.
477 68 681 103 VIRGILII
700 68 915 103 MARONIS

109 145 245 190 Quippe
261 145 388 190 aquilis
405 157 540 191 semper
556 147 688 191 gaudet
705 146 790 180 deus
806 147 866 180 ille
883 157 1055 182 coruscus.

108 191 205 225 Η1110
222 203 302 225 vero
319 191 463 232 miserae,
481 193 645 246 quoniam
662 193 829 226 damnata
846 192 990 226 deorum
1165 195 1234 228 530

109 237 135 272 J
137 237 252 270 udicio
270 237 413 281 natique
430 243 465 271 et
482 238 640 282 conjugis
656 244 739 271 ante
756 239 891 282 fuisset,

110 282 237 317 Infesti
254 283 485 328 apposuitque
502 284 622 317 odium
639 284 780 317 crudele
797 265 962 328 pareiitis.

109 328 280 372 Namque,
297 333 337 362 ut
354 329 391 362 in
409 329 549 363 aetherio
567 330 745 373 signorum
761 341 906 363 munere
922 333 1102 374 praestans,

110 374 232 408 Unum
249 386 352 418 quem
369 375 503 419 duplici
520 376 701 409 stellarum
720 375 831 408 sidere
848 375 932 420 vidi,

111 419 274 464 Scorpius
291 420 435 454 alternis
453 421 585 454 clarum
602 422 706 464 fugat
724 422 873 456 Oriona..

112 465 169 500 Sic
185 466 278 499 inter
295 477 366 499 sese
383 467 500 500 tristes
519 466 739 500 Haliae'etus
730 478 798 500 1133

111 511 160 545 Ε1
177 511 262 545 Ciris
278 513 422 545 memori
440 518 580 546 servant
597 513 641 546 ad
659 512 786 546 saecula
802 513 886 546 fato.

114 557 342 610 Quacumque
359 558 421 591 1113
437 558 550 592 levem
566 558 705 602 fugiens
723 562 817 591 secat
834 558 965 592 aethera
980 559 1115 604 pennis,

113 602 230 637 Ecce
220 604 383 636 111111110113
400 609 502 637 atrox
519 615 646 648 magno
663 604 808 637 stridore
825 615 886 648 per
901 615 1004 638 auras

115 648 317 692 Insequitur
332 649 459 683 Nisus:
485 661 554 694 qua
572 661 606 683 se
623 650 691 683 fert
708 650 814 683 Nisus
830 650 875 683 ad
891 661 1003 692 311133,
1166 651 1235 685 540

115 694 184 729 1113
199 694 312 729 levem
327 695 466 740 fugiens
482 696 613 741 raptim
629 700 723 730 secat
740 696 870 730 aethera
886 696 1018 741 penniS.

521 928 832 976 COPA.

165 1047 263 1082 Com
281 1047 428 1092 Syfisca,
447 1052 554 1092 caput
573 1048 676 1082 Graia
693 1047 857 1081 redimita
872 1046 1020 1091 mitella,

211 1093 371 1138 Crispum
387 1093 451 1126 sub
468 1093 597 1127 crotalo
615 1093 717 1127 docta
734 1104 870 1126 movere
886 1092 991 1136 latus,

163 1138 271 1174 Ebria
287 1140 423 1173 fumosa
440 1139 545 1173 saltat
561 1140 691 1173 lasciva
708 1139 863 1181 taberna,

210 1185 267 1218 Ad
281 1185 439 1218 cubitum
455 1197 577 1219 raucos
594 1186 774 1218 excutiens
791 1184 950 1218 calamos.

167 1230 260 1272 Quid
273 1232 377 1275 juvat
394 1232 513 1265 aestivo
530 1231 703 1264 defessum
720 1230 863 1275 pulvere
880 1229 1007 1273 abesse,

215 1277 327 1318 Quam
344 1277 461 1321 potius
478 1277 596 1310 bibulo
613 1277 816 1310 decubuisse
833 1275 930 1309 torol

167 1322 258 1358 Sunt
276 1334 382 1367 cupae,
401 1323 534 1365 calices,
553 1323 682 1366 cyathi,
699 1334 784 1365 rosa,
802 1322 898 1363 tibia,
917 1321 1062 1365 chordae,

213 1369 261 1402 Et
277 1369 420 1402 trichila
435 1369 634 1402 umbriferis
651 1368 780 1411 frigida
797 1367 1029 1401 arundinibus
1044 1380 1053 1409 ;

167 1413 231 1449 Est
248 1419 293 1457 et,
311 1414 475 1449 Maenalio
493 1426 570 1458 quae
588 1415 698 1458 garrit
715 1414 817 1447 dulce
835 1413 899 1447 sub
916 1418 1028 1457 antro,

214 1442 359 1494 Rus’tiea
375 1461 522 1505 pastoris
538 1460 657 1494 fistula
672 1472 766 1493 more
784 1471 933 1500 sonans;
1196 1459 1241 1492 10

165 1505 230 1541 Est
247 1511 283 1540 et
298 1518 423 1551 vappa,
440 1506 525 1540 cado
542 1518 653 1550 nuper
670 1506 795 1539 diffusa
810 1506 948 1550 picat0;

214 1552 278 1586 Est
295 1553 482 1604 strepitans
499 1564 603 1586 rauco
619 1563 798 1585 murmure
814 1552 910 1584 rivus
927 1562 1038 1596 aquae.

168 1597 260 1632 Sunt
277 1598 383 1632 etiam
400 1609 516 1631 croceo
533 1598 633 1631 violae
650 1598 693 1630 de
709 1598 791 1630 flore
808 1597 952 1640 corollae,

215 1643 383 1697 Sertaque
400 1656 574 1697 purpurea
590 1644 687 1677 lutea
702 1643 817 1676 mixta
831 1654 930 1683 1033;

167 1688 215 1724 Et
232 1701 310 1733 quae
328 1690 482 1743 virgineo
499 1690 608 1723 libata
625 1689 786 1723 Achelois
803 1689 846 1722 ab
863 1699 966 1723 amne

214 1735 306 1770 Lilia
322 1736 482 1770 vimineis
499 1736 648 1771 attulit'
638 1747 677 1769 111
693 1734 851 1769 calathis.
