1330 1932
431 62 650 98 AENEIDOS
677 62 768 96 LIB.
795 62 863 95 III.
1144 62 1208 94 137

93 129 163 163 Hic
179 130 301 163 domus
317 130 438 163 AEneae
454 129 588 163 cunctis
605 128 842 162 dominabitur
858 127 935 168 oriS‚

92 174 139 208 Et
155 176 231 208 nati
248 181 420 218 natorum,
437 182 473 209 et
490 175 550 219 qui
565 178 753 207 nascentur
769 173 813 206 ab
829 172 918 206 inis?

91 219 179 253 Haec
196 221 347 254 Phoebus
361 233 368 254 :
392 222 573 264 mixtoque
589 220 712 263 ingens
729 223 850 252 exorta
865 217 1024 251 tumultu

89 263 240 307 Laetitia,
258 270 293 299 et
309 267 438 308 cuncti,
456 277 534 310 quae
551 266 621 298 sint
637 276 678 297 ea
693 264 832 307 moenia,
849 267 1011 307 quaerunt
1023 275 1033 302 3
1141 265 1207 296 100

91 309 166 350 Quo
183 310 334 344 Phoebus
351 315 450 345 vocet
468 315 630 353 errantes,
642 309 836 353 jubeatque
851 308 987 342 reverti.

89 354 179 387 Tum
195 356 341 398 genitor,
358 361 516 390 veterum
531 356 672 389 volvens
689 358 915 388 monumenta
931 354 1093 396 virorum,

93 397 253 439 ‘Audite,
271 411 290 432 o
307 400 483 443 procereS‚'
501 400 560 440 ait,
579 401 633 433 ‘et
650 411 726 442 spes
744 399 867 432 discite
885 402 1027 432 vestras.

87 439 188 474 Creta
204 442 230 475 J
231 442 304 475 ovis
319 443 439 486 magni
454 443 567 475 medio
579 443 675 485 jacet
691 442 806 475 insula
822 445 939 485 ponto,

84 485 187 519 Mons
205 487 318 520 Idaeus
334 487 395 520 ubi
411 492 446 521 et
463 488 577 531 gentis
595 486 770 520 cunabula
786 491 912 520 nostrae
926 498 933 519 :

86 530 235 564 Centum
251 531 352 565 urbes
369 533 531 566 habitant
547 544 701 575 magnas,
718 532 893 565 uberrima
908 543 1024 575 regna.

83 573 261 610 Maximus
278 578 371 611 unde
388 583 496 622 pater,
515 579 543 611 si
559 579 626 611 rite
642 578 764 611 audita
779 577 946 620 recordor,

84 620 236 655 Teucrus
254 623 416 657 Rhoeteas
433 624 586 667 primum
602 628 654 656 est
671 624 836 656 advectus
853 623 898 656 ad
915 633 1001 663 oras,

84 666 297 711 Optavitque
314 668 428 702 locum
444 681 559 712 regno.
600 669 766 702 Nondum
783 669 890 701 Ih'um
907 673 942 702 et
958 679 1052 702 arces

83 711 282 755 Pergameae
300 719 469 747 steterant
484 727 492 755 ;
517 714 726 748 habitabant
742 714 892 747 vallibus
909 714 996 747 imis
1132 716 1198 747 110

81 756 177 791 Hinc
193 764 305 792 mater
321 760 453 792 cultrix
470 760 616 803 Cybelae,
635 759 913 803 Corybantiaque
931 770 1007 802 aera,

81 802 283 847 Idaeumque
300 816 421 837 nemus
436 818 444 845 ;
468 805 552 838 hinc
568 805 638 838 fida
656 805 794 838 silentia
811 805 924 848 sacris,

79 847 126 881 Et
138 850 256 892 juncti
273 861 413 882 currum
429 851 576 883 domiuae
593 850 729 883 subiere
745 850 868 883 leones.

78 892 171 937 Ergo
187 895 291 938 agite,
309 900 346 928 et
362 895 484 928 divum
501 896 636 929 ducunt
653 907 721 939 qua
733 897 841 939 jussa,
859 907 1064 939 sequamur:

77 937 261 973 Placemus
278 945 408 984 ventos,
422 946 457 974 et
476 942 601 975 Gnosia
617 953 725 984 regna
741 946 910 985 petamus.

77 983 150 1017 Nec
166 985 270 1029 longo
287 987 419 1019 distant
435 998 539 1020 cursu
553 1000 562 1027 3
586 987 687 1020 modo
704 987 848 1031 Jupiter
863 987 964 1030 adsit,

77 1029 193 1063 Tertia
208 1031 273 1064 lux
290 1032 433 1065 classem
450 1032 587 1065 Cretaeis
605 1033 703 1066 sistet
719 1033 758 1065 in
774 1033 863 1066 oris.’

76 1074 134 1109 Sic
149 1076 252 1119 fatus,
269 1078 410 1111 meritos
427 1078 494 1111 aris
511 1079 679 1111 mactavit
695 1078 850 1121 honores,

75 1120 230 1154 Taurum
246 1122 420 1166 Neptuno,
438 1128 581 1156 taurum
597 1124 673 1166 tibi,
690 1123 836 1167 pulcher
852 1122 986 1166 Apollo,

74 1165 109 1200 N
109 1167 222 1210 igram
239 1167 357 1201 Hiemi
373 1169 551 1212 pecudem,
569 1169 737 1213 Zephyris
753 1169 912 1202 felicibus
929 1168 1054 1202 albam.
1128 1171 1192 1202 120

122 1214 141 1230 “
157 1213 265 1246 Fama
282 1213 388 1254 volat,
405 1213 546 1257 pulsum
562 1214 678 1256 regnis
697 1214 836 1246 cessisse
854 1215 1008 1256 paternis

75 1254 264 1289 Idomenea
280 1256 415 1299 ducem,
432 1257 637 1300 desertaque
654 1256 756 1290 litora
774 1256 883 1289 Cretae
899 1268 908 1296 ;

74 1300 185 1334 Hoste
202 1313 325 1335 vacare
342 1302 469 1345 domos,
487 1302 652 1345 sedesque
669 1302 806 1334 adstare
822 1301 971 1335 relictas.

73 1345 281 1389 Linquimus
299 1347 451 1390 Ortygiae
469 1352 598 1391 portus,
616 1347 808 1391 pelagoque
825 1347 991 1389 volamus,

72 1391 354 1436 Bacchatamque
365 1393 462 1437 J'ugis
478 1393 614 1436 Naxon,
632 1393 847 1436 viridemque
863 1392 1053 1435 Donusam,

73 1436 231 1480 Olearon,
248 1438 454 1482 niveamque
472 1438 594 1481 Paron,
612 1449 814 1482 sparsasque
831 1449 892 1481 per
909 1448 1024 1481 aequor

72 1482 249 1526 Cycladas,
267 1487 302 1516 et
319 1483 445 1516 crebris
460 1483 610 1526 legimus
626 1484 717 1517 freta
733 1483 870 1516 concita
886 1483 997 1517 terris·

73 1527 243 1561 Nauticus
261 1529 417 1562 exoritur
433 1530 528 1562 vario
546 1529 733 1562 certamine
751 1529 880 1562 clamor
893 1541 902 1569 ;

72 1572 269 1606 Hortantur
286 1575 377 1615 socii,
397 1574 534 1607 Cretam
550 1586 762 1618 proavosque
778 1579 948 1618 petamus.

71 1617 297 1662 Prosequitur
314 1631 456 1663 surgens
473 1632 494 1653 a
510 1620 621 1664 puppi
637 1625 762 1653 ventus
779 1624 912 1662 euntes,
1123 1622 1187 1654 130

70 1663 117 1696 Et
134 1664 277 1697 tandem
294 1666 448 1709 antiquis
465 1665 631 1698 Curetum
647 1665 832 1698 allabimur
848 1665 925 1700 oris.

71 1708 163 1752 Ergo
180 1710 304 1744 avidus
320 1722 436 1745 muros
454 1715 583 1755 optatae
599 1711 721 1745 molior
737 1711 842 1754 urbis,
