1345 1927
419 87 686 121 GEORGICON
710 88 797 122 LIB.
824 88 884 122 IV.
1161 92 1204 123 85

96 155 165 189 Hic
176 156 342 200 juvenem
357 155 395 188 in
411 155 552 188 latebris
569 166 728 188 aversum
744 166 765 187 a
781 154 913 187 lumine
929 155 1094 199 Nympha

96 201 248 234 OoHocat
263 214 272 242 ;
296 201 372 245 ipsa
387 200 508 245 procul
524 200 659 233 nebulis
677 199 819 232 obscura
834 200 974 234 resistit.

94 247 121 280 J
122 258 178 280 am
193 247 336 291 rapidus
352 251 485 279 torrens
502 246 658 278 sitientes
675 245 784 278 Sirius
803 245 908 278 Indos

93 291 247 325 Ardebat
261 305 270 333 ;
295 292 379 325 coelo
396 295 431 324 et
446 291 600 324 medjum
617 291 674 324 Sol
691 291 814 334 igneus
831 290 945 324 orbem

94 337 291 378 Hauserat3
315 337 460 370 arebant
476 336 599 379 herbae,
617 340 651 369 et
669 347 753 369 cava
768 336 913 369 flumina
931 337 1028 370 siccis

93 382 267 416 Faucibus
285 383 329 416 ad
346 383 470 415 limum
485 382 575 415 radii
591 382 765 425 tepefacta
782 382 975 425 coquebant
990 395 997 423 ;

94 428 209 469 Quum
226 428 371 461 Proteus
389 432 551 461 consueta
566 432 687 471 petens
704 439 722 460 e
738 427 903 460 fluctibus
921 432 1022 461 antra

94 473 175 507 Ibat
189 486 196 507 :
221 485 300 507 eum
316 474 407 507 vasti
424 473 553 506 circum
569 484 653 517 gens
670 473 816 506 humida
831 473 930 517 ponti
1137 476 1204 507 430

91 518 283 552 Exsultans
298 530 410 552 rorem
425 519 496 552 late
513 519 674 562 dispersit
691 530 857 552 amarum.

91 564 262 598 Sternunt
279 576 313 598 se
331 576 447 598 somno
465 564 607 597 diversae
624 564 661 597 in
677 564 777 597 litore
793 564 929 608 phocae:

92 609 182 654 Ipse,
199 610 297 644 velut
315 610 443 644 stabuli
460 614 573 643 custos
590 610 627 642 in
643 609 819 644 montibus
837 610 928 652 olim,

93 655 222 700 Vesper
238 656 299 689 ubi
317 668 335 690 e
352 660 456 700 pastu
473 655 601 688 vitulos
618 656 662 688 ad
679 660 773 689 tecta
788 655 934 699 reducit,

92 701 301 745 Auditisque
317 703 418 746 lupos
435 706 567 734 acuunt
583 701 758 734 balatibus
776 701 867 744 agni,

92 747 246 780 Considit
264 748 403 792 scopulo
419 747 563 789 medius,
581 757 833 789 numerumque
849 750 1012 780 recenset.

92 792 199 836 Cujus
215 793 360 826 Aristaeo
378 793 541 836 quoniam
558 796 610 825 est
626 792 743 825 oblata
758 792 917 835 facultas,

92 837 162 871 Vix
179 838 312 871 defessa
329 850 444 872 senem
461 849 581 882 passus
599 849 800 881 componere
816 838 978 881 membra,

92 883 178 916 Cum
196 883 343 917 clamore
359 884 431 917 ruit
447 894 583 926 magno,
599 883 812 927 manicisque
823 885 1000 927 jacentem

92 929 257 973 Occupat.
299 930 364 963 Ille
381 940 449 962 suae
467 933 587 962 contra
603 940 673 962 non
689 929 868 962 immemor
885 930 979 973 artis,
1135 933 1202 964 440

92 974 217 1008 Omnia
233 976 458 1008 transformat
475 986 546 1008 sese
562 975 600 1007 in
616 974 785 1008 miracula
801 986 926 1019 rerum,

92 1019 293 1064 Ignemque,
311 1021 579 1064 horribilemque
596 1020 714 1063 feram,
731 1020 946 1064 fluw'umque
962 1021 1162 1065 liquentem.

91 1065 221 1099 Verum
238 1067 298 1099 ubi
314 1067 413 1100 nulla
428 1067 549 1110 fugam
565 1066 693 1110 reperit
710 1066 865 1110 pellacia,
882 1067 995 1100 victus

91 1111 135 1144 In
152 1123 222 1145 sese
238 1113 338 1152 redit,
356 1116 461 1156 atque
477 1112 626 1145 hominis
643 1112 785 1145 tandem
802 1124 858 1145 ore
875 1112 1011 1146 locutus
1026 1125 1032 1146 :

89 1156 109 1172 “
122 1156 215 1189 Nam
232 1156 308 1199 quis
325 1161 370 1198 te,
382 1161 553 1201 Juvenum
572 1155 875 1195 confidentissime,
893 1163 1028 1190 nostras

90 1201 115 1235 J
117 1201 204 1234 ussit
220 1201 316 1234 adire
333 1202 476 1235 domus?
502 1202 628 1246 quidve
646 1201 728 1235 hinc
748 1202 837 1245 petis
849 1202 883 1235 [2³²
908 1203 1035 1247 inquit.
1071 1206 1117 1237 At
1131 1205 1205 1239 ille:

90 1246 110 1263 “
121 1246 202 1287 Scis,
221 1246 359 1289 Proteu,
377 1248 441 1280 scis
458 1248 531 1291 ipse
546 1260 553 1287 ;
578 1258 690 1290 neque
707 1252 758 1280 est
775 1251 810 1280 te
829 1248 949 1281 fallere
967 1249 1157 1294 quidquam
1174 1264 1183 1292 3

92 1290 158 1324 Sed
175 1296 216 1324 tu
233 1291 350 1324 desine
366 1291 464 1323 velle.
503 1289 618 1322 Deum
634 1293 808 1334 praecepta
826 1291 944 1334 secuti,

94 1336 260 1370 Venimus
276 1336 359 1369 hinc
370 1334 481 1380 lapsis
497 1335 683 1379 quaesitum
699 1335 840 1369 oracula
854 1335 992 1370 rebus.”

91 1382 244 1415 Tantum
261 1382 394 1415 effatus.
434 1381 489 1414 Ad
505 1381 578 1413 haec
595 1385 690 1413 vates
707 1381 743 1413 vi
759 1381 908 1426 denique
923 1383 1036 1417 multa
1134 1387 1202 1419 450

91 1427 261 1461 Ardentes
278 1427 393 1461 oculos
409 1426 548 1460 intorsit
563 1426 694 1459 lumine
709 1426 843 1470 glauco,

91 1472 139 1506 Et
155 1474 309 1516 graviter
324 1473 496 1514 fiendens,
516 1473 563 1505 sic
579 1472 661 1504 fatis
678 1484 736 1506 ora
751 1473 893 1506 resolvit
907 1485 914 1506 :

136 1521 155 1537 “
165 1521 243 1554 Non
259 1524 295 1553 te
311 1519 442 1552 nullius
459 1524 619 1554 exercent
635 1521 788 1554 numinis
806 1521 874 1553 irae.

91 1565 224 1609 Magna
240 1565 308 1598 luis
325 1567 505 1599 commissa
519 1578 525 1599 :
551 1565 617 1599 tibi
632 1565 694 1599 has
710 1566 916 1599 miserabilis
933 1567 1090 1610 Orpheus

92 1611 375 1655 Haudquaquam
392 1611 434 1645 ob
450 1611 614 1644 meritum
630 1623 758 1656 poenas,
776 1612 814 1644 m'
830 1611 920 1645 Fata
936 1613 1110 1657 resistant,

92 1656 255 1700 Suscitat,
273 1661 308 1690 et
323 1661 426 1701 rapta
442 1657 594 1700 graviter
610 1669 671 1701 pro
688 1659 834 1701 conjuge
852 1658 959 1691 saevit.

93 1702 163 1735 Illa
180 1703 329 1746 quidem,
347 1703 431 1735 dum
447 1707 482 1736 te
499 1703 636 1746 fugeret
652 1714 713 1747 per
729 1703 874 1737 fiumina
890 1714 1051 1748 praeceps,

93 1747 286 1781 Immanem
302 1753 384 1782 ante
401 1749 504 1793 pedes
521 1748 682 1792 hydrum,
698 1749 867 1783 moritura
882 1749 1010 1794 puella,
