1345 1927
89 73 155 105 120
394 72 432 108 P.
457 73 661 108 VIRGILII
685 73 897 107 MARONIS

86 135 154 170 Sed
171 136 360 180 glomerare
376 149 519 172 manum
536 139 635 181 bello,
653 143 688 172 et
705 149 905 171 concurrere
921 138 958 170 in
974 147 1088 171 arcem

87 182 175 215 Cum
192 183 290 216 sociis
306 184 430 217 ardent
447 185 564 218 animi.
605 184 715 218 Furor
731 184 851 228 iraque
867 187 1020 217 mentem

87 227 337 272 Praecipitant3
362 230 616 274 pulchrumque
632 230 720 264 mori
737 230 907 263 succurrit
923 230 960 262 in
978 227 1092 262 armis.

130 273 149 289 ‘⁶
163 273 251 306 Ecce
267 277 385 308 autem
404 276 482 310 telis
499 277 657 311 Panthus
674 278 810 321 elapsus
826 276 1011 321 Achivum,

86 315 245 350 Panthus
263 317 465 361 Othryades,
482 320 569 353 arcis
587 320 776 363 Phoebique
793 319 958 361 sacerdos,

85 361 190 396 Sacra
205 373 313 396 manu
329 364 506 408 victosque
523 365 612 409 deos,
629 376 844 410 parvumque
861 369 1023 408 nepotem
1131 364 1200 397 320

87 407 166 451 Ipse
182 408 301 450 trahit,
319 420 492 454 cursuque
509 422 626 445 amens
644 411 689 445 ad
706 411 827 444 limina
843 410 967 444 tendit.

84 452 91 466 ‘
107 452 181 492 Quo
199 463 252 485 res
269 464 404 486 summa
420 453 503 496 loco,
522 454 688 487 Panthu?
714 466 819 498 quam
837 454 1042 499 prendimus
1059 465 1171 488 arcem
1182 454 1204 486 ’ξ’

83 495 154 529 Vix
172 508 212 530 ea
228 497 323 531 fatus
340 509 443 538 eram,
462 499 595 541 gemitu
613 511 720 542 quum
738 499 825 533 talia
841 500 976 534 reddit:

82 541 91 558 ‘
107 542 212 575 Venit
230 554 365 576 summa
382 543 454 576 dies
472 547 506 576 et
524 543 748 577 ineluctabile
767 548 905 588 tempus

82 587 278 622 Dardaniae.
320 588 466 621 Fuimus
480 588 584 622 Troes
600 601 608 630 ;
632 589 704 622 fuit
722 590 838 632 Ilium,
856 594 891 623 et
908 590 1032 632 ingens

83 633 200 667 Gloria
217 634 435 668 Teucrorum.
477 634 585 667 Ferus
603 635 718 668 omnia
735 635 879 679 Jupiter
895 634 1006 678 Argos

82 679 277 713 Transtulit
291 691 298 713 :
323 680 465 714 incensa
481 679 595 713 Danai
613 681 838 714 dominantur
854 681 892 713 in
908 681 1002 715 urbe.

81 725 222 758 Arduus
239 730 389 759 armatos
405 726 528 759 mediis
545 726 582 759 in
593 727 769 760 'moenibus
786 726 928 760 adstans

82 771 216 804 Fundit
233 783 351 815 equus,
370 772 547 815 victorque
565 772 671 806 Sinon
688 772 850 806 incendia
867 772 999 816 miscet,

81 817 269 851 Insultans.
311 817 424 851 Portis
442 817 502 851 alji
519 817 758 862 bipatentibus
775 818 913 861 adsunt,
1131 820 1200 852 330

80 862 196 896 Millia
213 867 297 907 quot
312 864 448 906 magnis
465 875 621 907 unquam
638 875 761 897 venere
778 863 936 908 Mycenis
949 876 959 905 ;

81 908 250 942 Obsedere
266 909 327 943 alii
344 909 422 942 telis
439 913 590 952 angusta
606 910 743 943 viarum

81 954 239 998 oppositi
253 967 262 996 ;
287 959 357 988 stat
374 955 456 988 ferri
473 955 562 989 acies
579 967 743 989 mucrone
760 966 899 988 corusco

79 1000 217 1043 Stricta,
235 1005 359 1045 parata
375 1001 452 1034 neci
468 1014 475 1042 ;
500 1001 561 1034 vix
578 1002 681 1045 primi
698 1001 821 1045 proelia
838 1003 978 1035 tentant

79 1046 263 1080 Portarum
280 1046 412 1090 vigileS,
431 1051 465 1080 et
482 1058 570 1080 caeco
588 1047 702 1080 Marte
719 1046 910 1080 resistunt?

77 1092 219 1126 Talibus
238 1092 424 1136 Othryadae
443 1092 545 1126 dictis
563 1096 598 1126 et
614 1093 758 1125 numine
776 1093 898 1125 divum

78 1137 121 1171 In
138 1138 294 1172 flammas
312 1143 346 1172 et
364 1139 400 1171 in
418 1150 514 1172 arma
530 1139 629 1181 feror,
649 1150 716 1182 quo
734 1138 843 1171 tristis
861 1137 997 1181 Erinys,

78 1184 153 1225 Quo
170 1184 329 1218 fremitus
346 1188 446 1218 vocat
463 1189 498 1218 et
516 1184 672 1217 sublatus
690 1184 734 1217 ad
752 1184 882 1217 aethera
899 1183 1035 1217 clamor.

76 1230 223 1263 Addunt
240 1241 275 1263 se
292 1230 398 1263 socios
417 1230 571 1274 Rhipeus
589 1234 623 1263 et
640 1230 814 1263 maximus
831 1229 935 1262 armis

76 1276 223 1319 Epytus,
241 1275 348 1309 oblati
365 1287 426 1320 per
443 1276 573 1318 lunam,
592 1275 821 1319 Hypanisque
838 1275 1047 1318 Dymasque,
1128 1276 1196 1308 340

75 1322 122 1355 Et
138 1322 240 1355 lateri
257 1322 498 1366 agglomerant
514 1325 641 1365 nostro,
654 1321 863 1365 juvenisque
881 1320 1042 1355 Coroebus

75 1367 316 1411 Mygdonides.
359 1367 434 1400 Illis
452 1367 496 1400 ad
514 1367 652 1411 Trojam
668 1367 757 1401 forte
775 1367 896 1400 diebus

76 1413 236 1456 Venerat,
254 1414 375 1447 insano
394 1414 593 1447 Cassandrae
610 1413 772 1447 incensus
790 1424 905 1447 amore
920 1424 929 1453 ;

73 1458 120 1492 Et
137 1471 243 1503 gener
259 1459 432 1493 auxilium
450 1459 588 1493 Priamo
606 1459 873 1503 Phrygibusque
889 1457 1032 1501 ferebat,

74 1505 214 1547 Infelix,
231 1505 291 1549 qui
307 1516 377 1538 non
395 1516 527 1550 sponsae
545 1509 720 1550 praecepta
736 1505 886 1538 furentis

73 1551 244 1584 Audierit.

73 1597 166 1637 Quos
183 1597 245 1630 ubi
263 1597 433 1630 confertos
450 1597 577 1630 audere
594 1597 631 1630 in
648 1596 772 1641 proelia
787 1595 870 1636 vidi,

71 1641 207 1686 Incipio
225 1654 327 1686 super
344 1643 398 1675 his
413 1654 420 1676 :
444 1644 452 1659 ‘
467 1642 491 1675 J
494 1653 635 1684 uvenes,
653 1641 841 1676 fortissima
858 1641 987 1674 frustra

71 1687 225 1731 Pectora,
244 1689 272 1722 si
289 1687 384 1721 vobis
401 1688 588 1722 audentem
606 1691 761 1720 extrema
779 1686 905 1730 cupido

70 1734 173 1769 Certa
189 1734 302 1779 sequi:
320 1745 397 1778 quae
416 1735 461 1768 sit
478 1733 579 1768 rebus
596 1733 746 1776 fortuna,
761 1732 886 1768 videtis
900 1744 907 1766 :
1122 1733 1191 1766 350
