1345 1927
110 52 156 84 40
331 51 369 86 P.
388 52 514 86 VIRG.
539 53 654 86 MAR.
681 53 845 88 GEORG.
870 54 958 88 LIB.
985 55 1012 90 I.

110 117 252 152 Scilicet
268 121 304 151 et
322 121 459 162 tempus
477 119 603 162 veniet,
618 132 727 163 quum
743 120 870 154 finibus
889 121 959 155 illis

110 163 282 207 Agricola,
300 163 444 198 incurvo
461 168 589 198 terram
606 165 748 199 molitus
766 170 890 210 aratro,

109 208 225 242 Exesa
241 209 398 243 inveniet
415 210 535 243 scabra
552 210 708 254 robigine
725 212 807 255 pila,

108 254 185 288 Aut
201 255 365 298 gravibus
383 256 503 288 rastris
520 256 637 299 galeas
654 257 810 300 pulsabit
827 257 958 302 inanes,

110 301 332 344 Grandiaque
350 301 479 334 effossis
496 301 682 335 mirabitur
699 313 774 336 ossa
791 304 964 347 sepulcris.

108 345 155 380 Di
173 346 279 390 patrii
298 347 486 390 Indigetes,
504 351 539 381 et
557 348 714 391 Romule,
728 349 903 393 Vestaque
919 353 1041 394 mater,

110 392 195 433 Quae
212 392 365 425 Tuscum
382 393 532 426 Tiberim
549 397 584 426 et
603 394 759 428 Romana
777 394 915 429 Palatia
932 406 1056 440 servas,

109 437 217 471 Hunc
235 438 358 471 saltem
375 450 492 472 everso
504 441 671 483 juvenem
689 451 887 473 succurrere
905 441 1003 475 saeclo
1166 444 1235 476 500

108 483 163 517 Ne
180 484 369 528 prohibete.
412 485 503 519 Satis
515 486 591 528 jam
608 486 742 529 pridem
760 487 930 530 sanguine
947 490 1064 521 nostro

108 529 372 563 Laomedonteae
389 530 520 563 luimus
537 531 692 575 perjuria
709 531 826 575 Trojae.

108 575 135 609 J
137 587 193 608 am
211 576 345 619 pridem
361 576 460 609 nobis
478 577 556 609 coeli
573 580 608 610 te
625 577 729 620 regia,
743 577 864 621 Caesar,

109 620 263 664 Invidet,
279 625 385 664 atque
402 621 584 655 hominum
602 623 760 666 queritur
776 634 896 656 curare
913 623 1108 668 triumphos
1122 637 1129 658 :

110 666 248 711 Quippe
264 667 326 700 ubi
343 668 396 700 fas
414 679 552 701 versum
570 672 675 712 atque
692 669 790 703 nefas
805 681 811 702 :
837 673 891 702 tot
908 669 1000 703 bella
1016 682 1078 714 per
1095 671 1224 715 orbem,

108 712 194 746 Tam
211 713 332 746 multae
351 713 519 746 scelerum
535 714 641 747 facies
657 727 664 755 ;
689 726 759 747 non
776 715 870 748 ullus
888 719 1003 749 aratro

107 758 245 802 Dignus
262 758 369 792 honos
385 771 392 800 3
418 759 578 803 squalent
595 759 754 796 abductis
772 772 855 794 arva
871 761 1009 805 colonis,

106 804 155 837 Et
172 815 286 838 curvae
303 805 457 848 rigidum
474 805 580 838 falces
597 806 793 839 conflantur
809 807 846 840 in
865 818 990 841 ensem.

109 849 205 882 Hinc
221 854 338 884 movet
356 851 562 894 Euphrates,
580 851 678 884 illinc
697 853 882 886 Germania
898 853 1031 886 bellum
1045 866 1054 894 ;

109 895 241 928 Vicinae
258 896 371 940 ruptis
388 897 480 929 inter
498 908 532 930 se
548 897 684 940 legibus
700 898 801 931 urbes
1164 902 1232 934 510

107 941 216 974 Arma
232 942 351 975 ferunt
368 954 376 983 ;
403 943 501 975 saevit
518 946 592 976 toto
610 943 705 976 Mars
722 944 851 988 impius
868 944 948 977 orbe
962 956 969 978 :

108 986 158 1020 Ut
176 998 285 1030 quum
303 988 495 1020 carceribus
513 1000 584 1021 sese
601 988 752 1022 effudere
769 990 956 1033 quadrigae,

107 1032 255 1066 Addunt
272 1033 308 1065 in
326 1034 449 1077 spatia,
466 1038 501 1067 et
519 1034 650 1068 frustra
667 1035 862 1068 retinacula
879 1036 1024 1069 tendens

107 1077 234 1112 Fertur
250 1079 346 1123 equis
363 1080 495 1124 auriga,
513 1091 625 1124 neque
642 1081 743 1114 audit
761 1092 881 1114 currus
900 1081 1063 1117 habenas.
