1345 1927
125 62 193 93 :³40
425 61 464 96 P.
488 62 693 97 VIRGILII
719 63 933 96 MARONIS

127 126 332 160 Convertere
349 128 473 162 oculos.
524 129 628 162 Volat
645 130 767 173 igneus
785 141 920 173 aequore
938 127 1106 170 Tarchon,

127 172 233 206 Arma
250 173 432 217 virumque
449 174 561 208 ferens
576 188 584 216 ;
610 179 686 208 tum
704 187 839 208 summa
856 175 964 219 ipsius
981 174 1025 208 ab
1042 173 1143 207 hasta

128 218 304 262 Defringit
320 220 460 262 ferrum,
478 225 514 254 et
531 226 645 264 partes
662 222 810 254 rimatur
829 226 975 264 apertas,

127 264 203 305 Qua
220 265 348 298 vulnus
365 265 468 299 letale
486 266 575 300 ferat
589 279 596 301 :
622 272 741 300 contra
759 267 818 300 ille
835 277 1033 310 repugnans

127 310 283 344 Sustinet
300 322 320 344 a
332 312 458 355 jugulo
475 312 644 356 dextram,
663 318 698 346 et
715 314 785 354 vim
804 313 934 345 viribus
952 312 1034 345 exit.
1175 311 1242 345 750

129 355 243 400 thue
260 357 379 390 volans
397 357 466 391 alte
483 363 624 402 raptum
643 371 750 403 quum
768 359 866 391 fulva
883 358 1068 391 draconem

127 401 208 435 Fert
225 403 351 447 aquila,
370 403 613 448 implicuitque
630 405 742 448 pedes,
761 409 864 447 atque
882 403 1058 447 unguibus
1074 402 1198 436 haesit:

126 448 272 481 Saucius
289 453 326 482 at
344 460 482 492 serpens
500 450 639 483 sinuosa
655 450 833 484 volumina
850 456 974 493 versat,

127 495 347 538 Arrectisque
364 495 481 528 horret
499 497 660 539 squamis,
678 500 714 529 et
731 496 847 529 sibilat
865 507 921 529 ore

127 540 266 573 Arduus
283 541 466 584 insurgens
480 553 487 574 ε
512 541 573 574 illa
590 541 684 575 haud
702 542 817 575 minus
836 546 936 585 urget
953 541 1087 574 obunco

127 585 334 619 Luctantem
351 591 480 628 rostro3
506 587 609 620 simul
627 587 757 621 aethera
774 587 931 621 verberat
948 587 1030 620 alis:

128 632 232 665 Haud
250 632 351 665 aliter
367 633 520 676 praedam
539 633 723 667 Tiburtum
741 645 785 666 ex
801 633 940 677 agmine
957 633 1113 666 Tarchon

128 677 247 712 Portat
264 689 379 711 ovans.
421 678 528 712 Ducis
546 679 746 724 exemplum
763 685 996 722 eventumque
1015 678 1125 712 secuti

125 723 307 757 Maeonidae
324 724 518 759 incurrunt.
559 726 648 758 Tum
665 726 747 758 fatis
765 725 901 758 debitus
920 726 1053 758 Arruns

126 769 287 804 Velocem
298 770 418 814 jaculo
435 775 470 804 et
486 771 598 804 multa
615 771 708 816 prior
724 775 799 804 arte
817 771 998 805 Camillam
1177 771 1243 804 760

126 816 266 859 Circuit,
284 821 329 860 et,
347 828 424 860 quae
443 817 488 850 sit
504 818 646 850 fortuna
662 817 839 860 facillima,
857 820 981 850 tentat.

126 862 202 903 Qua
219 874 254 896 se
271 873 418 906 cumque
435 863 554 896 furens
569 863 683 896 medio
700 863 785 896 tulit
802 863 940 906 agmine
958 863 1064 906 virgo,

129 908 203 941 Hac
220 908 353 941 Arruns
371 908 474 951 subit,
493 914 528 942 et
546 910 674 942 tacitus
691 909 838 952 vestigia
854 908 982 942 lustrat
996 921 1003 942 :

126 955 202 994 Qua
219 954 347 987 victrix
364 954 455 988 redit
472 954 543 997 illa,
561 955 752 998 pedemque
770 966 813 988 ex
831 955 929 988 hoste
945 958 1109 998 reportat,

127 1000 202 1033 Hac
215 1000 355 1044 juvenis
374 1000 495 1034 furtim
513 1001 639 1034 celeres
657 1001 841 1044 detorquet
858 1000 1018 1034 habenas.

128 1046 198 1078 Hos
215 1046 342 1088 aditus,
355 1047 499 1090 jamque
516 1047 577 1080 hos
596 1047 722 1089 aditus,
740 1057 944 1090 omnemque
961 1049 1116 1090 pererrat

128 1092 287 1136 Undique
305 1092 490 1125 circuitum
505 1105 513 1134 3
539 1097 574 1126 et
591 1097 721 1126 certam
740 1093 853 1136 quatit
870 1091 1046 1136 improbus
1062 1091 1209 1125 hastam.

127 1138 228 1171 Forte
246 1150 339 1171 sacer
357 1138 492 1183 Cybelae
511 1139 683 1180 Chloreus,
703 1139 855 1182 olimque
873 1137 1038 1182 sacerdos,

128 1184 278 1228 Insignis
296 1184 397 1229 longe
415 1184 577 1228 Phrygiis
594 1184 753 1228 fulgebat
770 1184 806 1217 in
825 1184 938 1226 armis,

127 1229 423 1274 &pumantemque
440 1230 598 1274 agitabat
615 1242 744 1274 equum
758 1242 765 1263 z
791 1241 894 1274 quem
911 1229 1011 1274 pellis
1028 1229 1150 1263 ahenis
1176 1229 1244 1263 770

128 1276 168 1309 ln
186 1276 344 1320 plumam
361 1277 514 1320 squamis
531 1287 615 1310 auro
633 1282 790 1310 conserta
806 1275 955 1319 tegebat.

128 1322 214 1366 lpse,
232 1322 414 1366 peregrina
429 1323 607 1366 ferrugine
624 1322 736 1355 clarus
754 1326 788 1355 et
805 1327 904 1364 ostro,

126 1369 268 1412 Spicula
284 1368 471 1412 torquebat
488 1368 594 1412 Lycio
612 1368 780 1412 Gortynia
797 1379 904 1401 cornu
919 1380 927 1413 ᾗ

128 1415 261 1448 Aureus
279 1426 321 1448 ex
338 1415 492 1448 humeris
509 1418 609 1448 sonat
625 1425 735 1456 arcus,
753 1418 788 1447 et
804 1425 909 1447 aurea
926 1413 999 1446 vati

127 1461 285 1502 Cassida;
303 1465 379 1494 tum
397 1471 550 1494 croceam
568 1459 855 1504 chlamydemque
873 1460 1036 1504 sinusque
1053 1463 1233 1503 crepantes

128 1506 309 1540 Carbaseos
326 1507 422 1540 fulvo
439 1506 476 1539 in
493 1505 624 1539 nodum
641 1505 826 1550 collegerat
843 1517 937 1548 auro,

130 1553 246 1586 rictus
263 1564 329 1586 acu
345 1552 491 1595 tunicas,
509 1555 545 1585 et
561 1551 705 1585 barbara
722 1552 877 1594 tegmina
894 1561 1044 1585 crurum.

130 1600 233 1632 Hunc
251 1599 356 1642 virgo,
375 1598 446 1632 sive
463 1602 505 1631 ut
521 1597 660 1642 templis
677 1597 870 1641 praefigeret
887 1608 984 1630 arma

127 1646 241 1687 Troia,
260 1645 398 1688 captivo
417 1644 488 1677 sive
504 1647 546 1677 ut
563 1655 597 1676 se
614 1644 720 1676 ferret
736 1644 772 1676 in
790 1655 883 1686 auro,

130 1691 299 1724 venatrix
317 1701 427 1723 unum
445 1701 488 1723 ex
506 1689 599 1723 omni
617 1689 804 1722 certamine
822 1699 948 1733 pugnae
1178 1688 1245 1722 780

129 1738 226 1772 Caeca
243 1736 469 1780 sequebatur;
494 1740 677 1779 totumque
694 1735 836 1768 incauta
852 1746 914 1779 per
930 1745 1055 1778 agmen
