1345 1927
143 47 187 78 94
455 46 492 80 P.
512 46 715 80 VIRGILII
742 46 956 80 MARONIS

142 110 298 155 AEquora
315 114 394 145 tuta
410 112 514 145 silent
528 125 536 153 ;
562 116 638 146 tum
655 112 750 146 silvis
768 124 869 146 scena
885 113 1034 146 coruscis

145 156 301 201 Desuper
318 157 540 202 horrentique
558 162 674 191 atrum
691 170 812 192 nemus
830 159 990 192 imminet
1006 158 1139 192 umbra.

143 201 272 236 Fronte
289 202 353 235 sub
369 203 513 236 adversa
530 204 678 248 scopulis
695 203 927 248 pendentibus
944 209 1086 238 antrum
1100 216 1109 246 ;

145 247 248 282 Intus
265 259 365 292 aquae
383 249 510 292 dulces,
528 250 674 293 vivoque
693 250 814 283 sedilia
831 262 913 283 saxo
927 263 936 291 ;

144 293 389 338 Nympharum
406 295 537 329 domus.
587 295 655 328 Hic
672 296 778 329 fessas
796 307 864 329 non
882 296 1024 329 vincula
1039 307 1145 331 naves

147 339 228 373 Ulla
245 344 366 374 tenent
380 353 388 382 ;
413 352 504 374 unco
521 352 591 375 non
607 341 731 385 alligat
748 353 875 375 ancora
890 353 1016 375 morsu.

147 385 228 419 Huc
246 390 378 431 septem
394 386 520 420 AEneas
538 387 690 420 collectis
707 387 854 421 navibus
872 388 966 421 omni
1199 387 1267 422 170

146 431 201 464 Ex
218 443 360 465 numero
378 432 472 466 subit
486 445 495 473 ;
520 444 570 476 ac,
586 444 713 476 magno
731 433 866 467 telluris
883 444 998 467 amore

147 477 294 521 Egressi,
313 482 433 522 optata
449 479 634 522 potiuntur
650 479 754 512 Troes
772 491 886 522 arena,

147 522 194 556 Et
212 523 282 556 sale
299 524 457 557 tabentes
475 528 571 557 artus
589 525 626 557 in
643 525 743 558 litore
761 529 906 569 ponunt.

151 569 202 602 Ac
219 569 371 613 primum
389 570 477 603 silici
495 569 685 604 scintillam
701 570 845 604 excudit
863 570 1023 614 Achates,

150 614 379 659 Suscepitque
396 615 513 659 ignem
529 616 630 658 foliis,
648 620 754 660 atque
771 616 868 650 arida
885 616 1018 650 circum

150 660 182 694 N
184 661 375 694 uti-imenta
391 661 497 704 dedit,
514 661 702 706 rapuitque
720 662 756 694 in
773 662 894 696 fomite
910 663 1096 696 flammam.

149 706 239 739 Tum
257 707 413 740 Cererem
430 708 629 752 corruptam
645 708 748 741 undis
766 708 988 753 Cerealiaque
1005 720 1102 742 arma

151 752 363 796 Expediunt,
384 753 464 786 fessi
480 765 596 787 rerum
611 766 618 795 ;
643 754 830 798 frugesque
846 758 1002 799 receptas

151 798 197 831 Et
214 802 342 832 torrere
359 803 485 843 parant
502 799 650 832 flammis
667 805 701 833 et
718 800 878 843 frangere
895 812 987 834 saxo.

1335 824 1336 835 1

198 844 325 877 AEneas
343 845 522 888 scopulum
539 845 672 878 interea
689 846 898 889 conscendit,
916 850 951 879 et
968 857 1105 880 omnem
1206 847 1271 879 180
1334 843 1336 846 ’

153 890 380 933 Prospectum
397 891 467 924 late
483 891 606 935 pelago
623 891 723 934 petit,
741 891 881 925 Anthea
894 891 922 925 si
939 903 1042 935 quem

152 936 337 969 Jactatum
354 940 457 970 vento
475 937 601 979 videat,
619 937 858 981 Phrygiasque
875 937 1030 981 biremes,

154 982 227 1015 Aut
245 982 375 1026 Capyn,
393 986 455 1016 aut
473 982 570 1016 celsis
587 982 624 1015 in
641 983 817 1027 puppibus
835 994 931 1016 arma
948 983 1052 1017 Caici.

154 1028 187 1061 N
189 1040 287 1061 avem
305 1029 343 1061 in
360 1033 546 1072 conspectu
563 1028 708 1072 nullam,
726 1032 796 1062 tres
812 1029 914 1062 litore
932 1040 1049 1063 cervos

155 1074 326 1118 Prospicit
343 1079 495 1108 errantes
510 1087 518 1115 3
543 1074 604 1107 hos
622 1079 697 1108 tota
713 1079 871 1108 armenta
888 1079 1084 1119 sequuntur

155 1120 186 1153 A
204 1124 309 1163 tergo,
328 1124 363 1153 et
380 1120 524 1164 longum
540 1131 603 1164 per
618 1120 725 1153 valles
742 1121 895 1164 pascitur
912 1132 1047 1164 agmen.

157 1165 321 1199 Constitit
337 1166 404 1208 hic,
423 1177 610 1209 arcumque
626 1177 734 1199 manu
751 1166 945 1210 celeresque
963 1167 1108 1211 sagittas

157 1212 339 1256 Corripuit,
357 1212 446 1245 fidus
464 1223 539 1255 quae
558 1211 628 1245 tela
645 1211 784 1255 gerebat
801 1212 951 1245 Achates
966 1225 974 1253 ;

157 1258 396 1301 Ductoresque
413 1258 503 1302 ipsos
521 1258 681 1301 primum,
700 1258 816 1302 capita
832 1258 905 1291 alta
921 1258 1071 1292 ferentes

159 1302 325 1337 Cornibus
343 1303 501 1345 arboreis,
520 1303 653 1347 sternit,
671 1307 748 1336 tum
766 1303 892 1347 vulgus
907 1316 914 1344 ;
940 1307 975 1337 et
992 1315 1129 1338 omnem
1208 1306 1274 1338 190

159 1349 283 1383 Miscet
301 1361 405 1393 agens
422 1349 500 1382 telis
517 1361 657 1382 nemora
672 1349 764 1382 inter
780 1349 923 1382 frondea
940 1349 1087 1384 turbam.

158 1395 192 1428 N
194 1407 231 1428 ec
247 1396 343 1439 prius
361 1395 506 1438 absistit,
525 1406 629 1439 quam
648 1400 779 1439 septem
795 1395 953 1439 ingentia
970 1396 1080 1429 victor

160 1441 308 1485 Corpora
323 1442 451 1475 fundat
468 1441 576 1484 humi,
594 1444 629 1474 et
645 1452 830 1474 numerum
847 1452 927 1474 cum
944 1441 1091 1475 navibus
1109 1447 1230 1486 aequet.
1288 1475 1296 1481 ,

160 1486 254 1520 Hinc
272 1491 411 1531 portum
428 1487 527 1532 petit,
545 1492 580 1520 et
597 1487 702 1520 socios
719 1487 872 1531 partitur
887 1487 925 1520 in
943 1498 1068 1521 omnes.

161 1533 253 1566 Vina
269 1533 377 1567 bonus
394 1545 472 1578 quae
490 1533 614 1566 deinde
632 1533 725 1566 cadis
743 1537 901 1566 onerarat
918 1533 1058 1567 Acestes

160 1579 275 1612 Litore
292 1580 478 1623 Trinacrio,
495 1578 706 1623 dederatque
723 1578 932 1612 abeuntibus
949 1579 1057 1623 heros,

160 1625 305 1669 Dividit,
323 1629 358 1659 et
375 1626 477 1659 dictis
493 1626 672 1659 maerentia
688 1629 827 1670 pectora
842 1625 994 1659 mulcet:

208 1677 226 1692 “
242 1676 270 1709 O
288 1675 380 1718 socii,
398 1686 513 1719 neque
529 1676 621 1708 enim
639 1675 753 1718 ignari
770 1684 888 1707 sumus
906 1677 987 1707 ante
1002 1672 1184 1717 malorum,

161 1722 189 1756 O
209 1722 300 1765 passi
318 1722 485 1767 graviora,
503 1721 599 1755 dabit
617 1721 700 1755 deus
717 1720 771 1754 his
789 1731 923 1764 quoque
940 1719 1054 1754 finem.
