1345 1927
151 90 218 122 346
459 89 496 122 P.
516 88 717 122 VIRGILII
744 87 957 123 MARONIS

153 158 306 192 Sublatis
323 159 456 203 aperire
473 159 579 200 dolis;
605 159 708 192 simul
725 159 789 193 hoc
807 159 924 193 animo
940 158 1051 192 hauri.

153 204 212 238 Me
229 209 348 238 natam
365 205 455 238 nulli
472 209 628 238 veterum
646 205 774 238 sociare
790 216 972 249 procorum

154 249 221 283 Fas
239 254 322 293 erat,
340 250 445 295 idque
462 262 579 284 omnes
596 251 736 295 divique
753 250 978 294 hominesque
995 249 1175 284 canebant.

154 295 278 329 Victus
295 307 410 330 amore
426 297 490 339 tui,
508 301 654 340 cognato
672 296 841 340 sanguine
857 296 971 330 victus

155 341 318 386 Conjugis
336 346 371 376 et
387 347 516 376 maestae
534 342 693 385 lacrimis,
706 341 822 375 vincla
838 341 955 375 omnia
970 341 1069 385 rupi:
1223 341 1269 374 30

155 387 362 421 Promissam
379 388 491 432 eripui
508 399 652 431 genero;
678 399 774 421 arma
791 387 900 432 impia
917 387 1033 421 sumsi.

154 433 208 466 Ex
226 433 286 467 illo
303 433 363 477 qui
379 446 434 467 me
451 445 559 476 casus,
579 445 664 477 quae,
678 433 802 476 Turne,
821 436 1011 477 sequantur

155 479 263 522 Bella,
282 479 378 513 vides
393 492 401 521 ;
428 483 576 522 quantos
593 479 725 523 primus
743 479 875 523 patiare
893 478 1034 512 labores.

155 524 214 558 Bis
231 536 358 568 magna
375 525 460 559 victi
479 536 598 568 pugna
615 525 675 558 vix
693 523 776 557 urbe
793 528 933 557 tuemur

155 570 239 614 Spes
258 570 366 604 Italas
382 583 389 611 3
414 570 568 604 recalent
585 574 701 604 nostro
719 570 881 603 Tiberina
897 569 1030 603 fluenta

155 616 332 660 Sanguine
349 616 473 659 adhuc,
491 616 672 660 campique
688 616 847 659 ingentes
864 615 995 648 ossibus
1012 614 1140 649 albent.

157 662 232 703 Quo
248 662 375 696 referor
392 662 517 696 toties?
543 673 619 706 quae
636 667 789 694 mentem
805 661 941 694 insania
957 659 1093 694 mutat?

157 708 193 741 Si
211 708 327 741 Turno
345 708 517 742 exstincto
534 708 641 741 socios
659 719 736 740 sum
752 707 883 740 adscire
901 711 1064 750 paratus:

157 754 225 787 Cur
241 765 310 788 non
328 754 493 787 incolumi
511 754 626 798 potius
643 753 833 786 certamina
850 752 957 786 tollo?

158 800 249 841 Quid
267 800 515 843 consanguinei
532 799 669 841 Rutuli,
687 798 770 842 quid
788 803 901 831 cetera
919 797 1011 831 dicet
1226 798 1271 829 40

158 845 272 888 Italia,
289 846 334 879 ad
351 850 496 878 mortem
514 845 542 878 si
560 844 723 878 te—Fors
741 844 836 877 dicta
852 844 983 877 refutet
994 844 1051 877 !—

157 891 382 934 Prodiderim,
399 896 520 924 natam
538 896 572 924 et
589 890 761 924 connubia
777 894 895 923 nostra
912 887 1111 933 petentem?

159 937 302 981 Respice
318 949 371 970 res
388 937 477 971 bello
495 937 607 970 varias
621 949 629 977 ;
654 936 814 969 miserere
830 935 985 980 parentis

158 982 331 1026 Longaevi‚
349 994 451 1027 quem
468 994 562 1016 nunc
579 987 740 1015 maestum
757 981 871 1025 patria
887 980 1003 1014 Ardea
1017 979 1120 1023 longe

161 1026 330 1061 Dividit-'⁹
380 1027 662 1069 Haudquaquam
681 1025 783 1058 dictis
801 1025 968 1058 violentia
984 1025 1093 1058 Turni

159 1070 347 1104 Flectitur:
373 1075 559 1114 exsuperat
576 1070 697 1113 magis,
715 1069 940 1113 aegrescitque
956 1070 1134 1104 medendo.

160 1117 207 1150 Ut
224 1117 374 1159 primum
392 1116 457 1149 fari
475 1116 600 1160 potuit,
618 1116 665 1148 sic
682 1115 813 1148 institit
830 1126 885 1148 ore
899 1127 906 1148 :

162 1163 181 1179 ‘⁸
196 1161 309 1202 Quam
327 1170 390 1204 pro
407 1171 464 1194 me
481 1170 604 1194 curam
622 1162 721 1203 geris,
739 1161 829 1194 hanc
847 1171 975 1204 precor,
993 1160 1131 1204 optime,
1150 1171 1209 1205 pro
1225 1171 1281 1194 me

160 1210 329 1254 Deponas7
347 1210 526 1254 letumque
544 1210 635 1243 sinas
652 1221 712 1254 pro
729 1209 834 1242 laude
850 1209 987 1253 pacisci.

160 1255 206 1288 Et
222 1267 283 1289 nos
301 1256 381 1299 tela,
398 1261 506 1300 pater,
525 1256 723 1300 ferrumque
740 1255 836 1288 haud
853 1255 965 1288 debile
983 1255 1106 1288 dextra
1230 1255 1274 1287 50
1324 1252 1325 1257 ’

160 1302 370 1345 Spargimrm,
388 1307 423 1335 et
440 1306 555 1335 nostro
573 1302 729 1346 sequitur
746 1301 788 1334 de
805 1301 948 1334 vulnere
965 1300 1115 1344 sanguis.

160 1347 276 1390 Longe
293 1347 344 1380 illi
363 1348 427 1381 dea
444 1352 555 1381 mater
572 1348 647 1391 erit,
666 1358 743 1392 quae
760 1346 852 1380 nube
869 1347 1030 1390 fugacem

160 1393 324 1426 Feminea
340 1398 447 1437 tegat,
465 1398 499 1427 et
517 1394 615 1427 vanis
633 1404 703 1427 sese
721 1393 857 1426 occulat
874 1391 1034 1425 umbris.”

206 1439 254 1472 At
270 1439 399 1482 regina,
417 1451 507 1472 nova
523 1451 650 1484 pugnae
669 1439 856 1472 conterrita
873 1442 973 1481 sorte,

159 1484 292 1527 Flebat,
311 1490 346 1518 et
362 1485 542 1518 ardentem
559 1496 724 1528 generum
741 1484 912 1518 moritura
927 1483 1071 1517 tenebat
1085 1495 1092 1516 :

159 1530 178 1546 “
193 1528 321 1567 Turne,
339 1541 400 1570 per
418 1531 480 1563 has
497 1541 560 1572 ego
578 1535 612 1563 te
630 1530 798 1571 lacrimas,
816 1540 877 1573 per
894 1529 922 1562 si
939 1529 1016 1572 quis
1033 1529 1167 1561 Amatae

160 1570 288 1614 Tangit
305 1571 412 1604 honos
428 1572 708 1615 animum—spes
726 1576 766 1604 tu
783 1583 877 1605 nunc
894 1584 974 1615 una,
992 1578 1137 1606 senectae

159 1616 210 1649 Tu
228 1617 362 1660 requies
378 1617 512 1650 miserae
528 1630 536 1658 3
562 1617 666 1650 decus
683 1617 937 1661 imperiumque
954 1617 1072 1651 Latini

159 1661 206 1694 Te
225 1674 328 1705 penes
343 1675 351 1703 ;
376 1663 412 1695 in
430 1666 464 1696 te
481 1662 592 1696 omnis
610 1662 730 1696 domus
747 1663 917 1696 inclinata
932 1663 1150 1698 recumbit—-

162 1707 281 1740 Unum
299 1719 374 1741 oro:
400 1708 525 1741 desiste
541 1719 685 1741 manum
703 1709 917 1742 committere
933 1709 1082 1744 Teucris.
1230 1711 1275 1743 60

161 1753 227 1796 Qui
245 1758 279 1786 te
297 1764 444 1798 cumque
461 1758 604 1788 manent
621 1754 688 1788 isto
705 1755 893 1788 certamine
910 1765 1019 1799 casus,
