1345 1927
253 179 295 214 P.
317 177 591 214 VIRGILII
638 177 920 213 MARONIS

114 313 1067 370 GEORGICON

363 460 531 494 LIBER
562 461 802 495 TERTIUS.

499 552 669 561 mmm

25 612 76 646 ΤΕ
94 625 237 658 quoque,
254 627 382 659 magna
400 617 509 660 Pales,
527 621 562 650 et
579 621 615 650 te
630 617 851 650 memorande
868 629 1030 651 canemus

24 658 146 692 Pastor
163 660 206 693 ab
222 661 418 705 Amphryso
432 675 441 703 ;
466 675 534 706 vos,
553 663 650 697 silvae
668 675 854 706 amnesque
867 663 991 707 Lycaei.

25 704 155 748 Cetera,
173 717 249 750 quae
267 719 394 741 vacuas
412 709 606 742 tenuissent
623 709 775 742 carmine
791 713 935 752 mentes,

25 749 150 784 Omnia
161 752 237 794 jam
254 753 406 796 vulgata.
450 754 533 794 Quis
550 758 613 787 aut
630 754 827 797 Eurysthea
843 754 980 797 durum,

22 795 97 829 Aut
113 797 276 830 illaudati
292 799 402 831 nescit
419 799 592 832 Busiridis
609 811 686 833 aras
700 799 712 832 ’ἰ

23 841 88 874 Cui
104 853 173 875 non
191 843 305 876 dictus
324 844 435 887 Hylas
452 856 548 888 puer,
566 849 601 878 et
618 845 766 878 Latonia
782 845 895 887 Delos,

22 886 320 932 Hippodameque,
337 890 549 934 humeroque
566 890 689 934 Pelops
706 890 853 934 insignis
871 891 1009 934 eburno,

21 932 111 966 Acer
127 935 223 978 equis
237 934 249 968 2
274 935 455 970 Tentanda
472 936 529 969 via
545 940 606 978 est,
624 948 693 980 qua
708 948 764 969 me
781 948 917 980 quoque
933 936 1060 981 possim

21 977 153 1012 Tollere
169 980 284 1023 humo,
301 981 479 1025 victorque
496 981 612 1014 virum
628 982 772 1015 volitare
790 994 850 1026 per
867 993 933 1015 ora.

20 1023 158 1058 Primus
175 1036 237 1069 ego
253 1026 291 1059 in
306 1027 457 1070 patriam
472 1039 617 1070 mecum,
634 1028 736 1061 modo
752 1028 826 1061 vita
843 1028 1001 1072 supersit,
1098 1030 1141 1061 10

24 1069 131 1103 Aonio
146 1072 281 1105 rediens
298 1072 468 1106 deducam
484 1074 612 1106 vertice
630 1073 750 1107 Musas
765 1086 773 1114 ;

19 1114 158 1150 Primus
175 1117 348 1151 Idumaeas
364 1119 512 1152 referam
529 1119 603 1161 tibi,
622 1119 781 1162 Mantua,
799 1119 932 1164 palmas
947 1132 955 1160 ς

19 1160 67 1194 Et
83 1161 186 1196 viridi
202 1163 239 1196 in
256 1175 377 1208 campo
395 1165 566 1209 templum
584 1165 626 1198 de
643 1177 811 1198 marmore
827 1177 956 1209 ponam

19 1205 164 1252 Propter
180 1220 316 1253 aquam,
333 1210 442 1243 tardis
459 1211 582 1254 ingens
598 1211 659 1244 ubi
675 1211 822 1244 flexibus
840 1215 933 1245 errat

19 1251 171 1287 Mincius
188 1259 223 1288 et
239 1259 359 1289 tenera
375 1257 538 1299 praetexit
555 1257 725 1290 arundine
741 1257 842 1300 ripas.

19 1298 63 1331 In
78 1300 192 1333 medio
208 1301 296 1334 mihi
314 1301 425 1334 Oaesar
441 1302 517 1344 erit,
534 1302 773 1346 templumque
790 1302 932 1335 tenebit.

19 1344 79 1377 Ilh·
95 1345 206 1379 victor
222 1357 284 1389 ego
302 1350 343 1382 et.
354 1347 456 1390 Tyrio
474 1352 677 1391 conspectus
694 1348 731 1380 in
748 1351 838 1381 ostro

19 1389 167 1424 Centum
184 1392 408 1436 quadrijugos
425 1393 565 1436 agitabo
583 1393 627 1426 ad
644 1393 790 1427 flumina
807 1405 938 1427 currus».
980 1428 983 1429 ⁷

18 1435 152 1470 Cuncta
167 1437 264 1481 mihi,
282 1438 457 1482 Alpheum
474 1438 634 1483 linquens
650 1439 814 1483 lucosque
831 1439 1011 1483 Molorchi,

18 1481 182 1516 Cursibus
199 1487 233 1516 et
251 1484 356 1517 crudo
374 1484 534 1518 deeemet
552 1485 684 1518 Graecia
700 1489 817 1518 cestu:
1092 1487 1138 1519 20

17 1527 106 1571 Ipse,
123 1533 229 1573 caput
246 1533 354 1563 tonsae
371 1530 462 1563 foliis
479 1534 620 1564 ornatus
637 1530 745 1573 olivae,

16 1572 117 1607 Dona
133 1574 251 1608 feram.
300 1576 325 1609 J
326 1587 383 1609 am
399 1587 493 1609 nunc
510 1576 676 1609 solemnes
693 1576 818 1610 ducere
834 1588 978 1621 pompas

15 1618 72 1652 Ad
89 1619 232 1653 delubra
242 1622 356 1665 juvat,
374 1633 545 1666 caesosque
561 1622 677 1656 videre
689 1623 856 1666 juvencos
871 1635 880 1663 ;

17 1664 82 1698 Vel
98 1677 200 1699 scena
216 1670 257 1700 ut
274 1667 379 1700 versis
397 1667 550 1701 discedat
566 1668 748 1711 frontibus,
765 1672 876 1712 utque

15 1709 195 1755 Purpurea
211 1712 341 1746 intexti
357 1713 483 1747 tollant
499 1714 611 1747 aulaea
628 1714 798 1747 Britanni.

16 1755 60 1789 In
75 1756 205 1791 foribus
222 1769 377 1802 pugnam
394 1771 437 1792 ex
454 1770 537 1793 auro
555 1759 730 1804 solidoque
748 1759 933 1804 elephanto

1272 1594 1286 1927 -„.-—-,--1.—-.-.-
1282 1521 1285 1569 -..-
1281 1478 1284 1503 -v
1282 1437 1285 1459 -4
1282 1399 1283 1405 ⁴
