1330 1932
424 51 643 87 AENEIDOS
668 52 756 86 LIB.
782 51 844 86 IV.
1130 51 1194 86 167

83 121 288 165 Exsequere,
306 121 419 164 Anna,
435 120 546 161 1111111;
572 120 680 153 solam
695 130 777 152 nam
794 118 945 162 perfidus
962 118 1021 151 ille

82 168 129 201 Te
146 167 265 210 colere,
282 178 424 200 arcanos
442 166 548 199 etiam
565 165 631 198 tibi
648 165 785 198 credere
802 175 944 204 sensus,
936 176 943 183 ·

43 242 50 248 .
83 212 162 246 Sola.
178 213 244 245 viri
260 212 381 245 molles
397 211 514 245 aditus
531 216 567 244 et
583 214 740 255 tempora
756 221 865 243 noras.

84 258 112 302 1,
129 269 229 302 soror,
247 261 352 301 atque
368 256 504 291 hostem
519 255 668 301 supplex
685 255 790 289 affare
807 253 1015 300 superbum:

82 304 162 338 Non
179 315 241 347 ego
259 315 339 338 cum
356 302 487 337 Danais
505 302 688 346 'frojanam
706 302 904 336 exscindere
921 308 1062 346 gentem

82 350 209 383 Aulide
221 349 349 394 juravi,
365 348 552 382 classemve
568 348 613 381 ad
630 347 800 391 Pergama
815 348 916 381 misi·
909 374 917 388 ,

82 395 116 428 N
117 407 155 429 ec
171 395 280 439 patris
296 395 458 428 Anchisae
477 395 626 428 cinerem
641 406 803 428 manesve
819 394 948 427 revelli.

83 441 152 474 Gur
166 452 245 474 mea
261 440 356 474 dicta
372 444 479 484 negat
496 440 600 473 dui-as
617 439 799 473 demittere
816 440 853 473 in
870 438 996 473 aures?

85 486 159 527 Quo
175 486 273 519 ruit?
298 490 494 519 extremum
510 486 575 521 hoc
591 486 722 519 miserae
741 485 799 519 det
816 497 942 518 munus
960 484 1093 518 amanti
1107 496 1114 518 :

84 532 272 576 Exspectet
288 531 494 575 facilemque
510 531 631 575 fugam
648 535 836 575 ventosque
852 531 1011 564 ferentes.
1132 531 1201 562 432)

83 578 162 611 Non
174 579 249 622 jam
266 577 468 621 conjugium
485 577 680 620 antiquum,
697 577 788 620 quod
806 576 968 620 prodidit,
986 586 1052 618 oro,

84 623 118 656 N
119 635 158 657 ec
174 623 319 667 pulchro
335 628 378 655 ut
394 623 494 656 Latio
511 626 636 665 careat,
653 634 868 666 regnumque
885 622 1059 665 relinquat
1073 633 1080 654 :

84 669 233 713 Tempus
249 668 353 702 inane
369 672 459 712 peto,
476 668 629 711 requiem
647 668 866 712 spatiumque
883 668 1000 710 furori,

84 714 178 747 Dum
193 725 272 747 mea,
286 725 342 747 me
359 714 489 747 victam
506 714 627 747 doceat
642 714 784 746 fortuna
801 713 925 746 dolere.

84 760 289 793 Extremam
305 759 395 793 hanc
413 771 470 792 oro
486 759 842 802 veniam,—miserere
859 758 981 791 sororis
995 770 1004 799 3

86 805 198 846 Quam
214 805 302 837 mihi
319 816 426 848 quum
444 804 588 847 dederis,
606 804 823 837 cumulatam
839 809 950 837 morte
966 803 1172 836 remittam.''

131 850 270 884 Talibus
288 850 407 883 orabat
421 862 430 891 3
455 850 610 894 talesque
626 849 818 882 miserrima
834 849 936 882 fletus

85 896 236 940 Fertque
251 895 425 939 refertque
442 906 542 928 soror.
584 894 651 928 Sed
668 895 774 928 nullis
791 895 850 927 ille
866 899 1026 928 movetur

84 941 252 984 Fletibus,
270 945 334 974 aut
349 952 449 974 voces
465 941 556 974 ullas
573 940 766 974 tractabilis
783 940 901 981 audit;

85 987 174 1021 Fata
190 987 338 1030 obstant,
356 986 578 1031 placidasque
594 986 661 1019 viri
678 986 763 1019 deus
780 986 930 1019 obstruit
947 997 1054 1019 aures.
1135 987 1204 1019 440

85 1033 137 1067 Ac
162 1031 261 1065 velut
277 1043 405 1066 annoso
422 1032 575 1066 validam
592 1043 701 1076 quum
716 1031 836 1065 robore
854 1043 1018 1074 quercum

85 1078 206 1123 Alpini
222 1078 331 1111 boreae
349 1089 443 1111 nunc
460 1077 542 1111 hinc
560 1089 653 1111 nunc
669 1077 810 1111 flatibus
828 1077 927 1110 illinc

85 1124 216 1158 Eruere
231 1124 324 1157 inter
341 1135 375 1157 se
393 1127 529 1157 certant
543 1136 552 1164 ;
576 1123 606 1156 it
624 1123 759 1166 stridor,
778 1128 813 1157 et
829 1123 900 1157 alte

86 1170 318 1204 Constemunt
334 1173 463 1203 terram
479 1180 642 1202 concusso
660 1169 779 1213 stipite
796 1169 935 1202 frondes
949 1181 956 1202 ε

86 1216 168 1259 Ipsa
183 1215 292 1249 haeret
309 1215 467 1259 scopulis,
485 1218 529 1257 et,
547 1218 719 1258 quantum
737 1215 864 1248 vertice
882 1215 925 1247 ad
943 1225 1045 1248 auras

86 1261 270 1304 AEtherias,
288 1264 429 1293 tantum
446 1260 562 1293 radice
578 1260 616 1292 in
633 1260 778 1293 Tartara
794 1260 927 1294 tendit:

87 1306 195 1340 Haud
212 1317 309 1339 secus
325 1305 472 1339 assiduis
489 1305 572 1338 hinc
589 1309 693 1349 atque
710 1305 792 1338 hinc
810 1306 950 1339 vocibus
967 1306 1066 1339 heros

87 1352 273 1394 Tunditur,
290 1355 326 1385 et
341 1362 467 1394 magno
484 1351 654 1395 persentit
671 1356 807 1395 pectore
825 1363 923 1384 curas
938 1363 945 1385 :

86 1397 188 1431 Mens
204 1397 348 1430 immota
363 1400 484 1430 manet
498 1409 506 1437 ;
530 1397 682 1430 lacrimae
700 1396 890 1430 volvuntur
905 1397 1035 1430 inanes.

133 1443 223 1476 Tum
240 1454 320 1476 vero
336 1442 462 1476 infelix
477 1442 561 1475 fatis
579 1443 747 1476 exterrita
762 1442 852 1476 Dido
1136 1445 1204 1475 450

87 1488 235 1522 Mortem
255 1492 350 1529 orat3
375 1488 482 1521 taedet
499 1488 577 1521 eoeli
593 1500 748 1522 convexa
765 1489 865 1522 tueri.

89 1535 164 1575 Quo
180 1534 291 1577 magis
309 1534 490 1578 inceptum
505 1539 660 1578 peragat,
677 1534 860 1578 lucemque
876 1534 1061 1578 relinquat,

89 1580 198 1623 Vidit,
211 1579 432 1613 thuricremis
449 1591 559 1623 quum
576 1580 666 1613 dona
681 1580 875 1624 imponeret
892 1581 970 1623 aris,

90 1625 312 1659 Hori-endum
329 1625 436 1669 dictu,
453 1626 574 1659 latices
590 1626 782 1669 nigrescere
800 1637 921 1668 sacros,

90 1671 276 1715 Fusaque
266 1683 305 1704 111
321 1671 507 1704 obscenum
525 1683 560 1704 se
576 1676 709 1705 vertere
725 1672 808 1705 vina
825 1682 991 1707 cruorem

94 1716 170 1751 Hoc
187 1717 302 1751 visum
318 1717 419 1760 nulli,
435 1728 503 1751 non
521 1717 589 1762 ipsi
605 1717 711 1752 effata
727 1717 839 1752 sorori.
