1345 1927
381 82 650 116 GEORGICON
673 82 764 116 LIB.
792 82 843 117 11.
1130 86 1175 118 55

49 148 167 192 Atque
182 152 298 182 metus
314 159 431 182 omnes
448 152 484 182 et
499 149 712 182 inexorabile
728 149 844 182 fatum

51 194 206 238 Subjecit
222 194 369 238 pedibus
387 195 641 238 strepitumque
657 195 866 228 Acherontis
883 195 1001 229 avari!

50 239 264 273 Fortunatus
281 244 317 272 et
333 239 402 283 ifle,
421 240 500 272 deos
517 240 578 283 qui
593 240 692 273 novit
709 244 861 283 agrestes

50 284 215 329 Panaque
232 284 482 329 Silvanumque
499 297 616 318 senem
632 285 884 330 Nymphasque
901 297 1029 320 sorores
1045 287 1052 320 !

51 330 160 363 Illum
176 342 246 363 non
263 331 384 374 populi
400 331 519 374 fasces,
536 342 607 364 non
623 342 780 375 purpura
795 343 921 375 regum

50 375 178 419 Flexst,
197 380 232 409 et
248 376 372 409 infidos
390 376 528 419 agitans
546 376 717 409 discordia
733 377 858 410 fratres
872 390 882 418 3

49 421 124 455 Aut
140 422 319 465 conjurato
336 422 547 454 descendens
564 422 681 455 Dacus
698 421 742 455 ab
759 422 881 456 Histro
896 435 905 463 ;

49 466 84 500 N
85 478 129 500 on
144 478 198 500 res
214 467 377 500 Romanae
394 467 618 512 perituraque
635 479 744 511 regna
758 480 766 509 ;
790 479 904 512 neque
921 468 982 502 ille

49 512 124 546 Aut
140 512 252 546 doluit
268 513 434 546 miserans
450 513 589 557 inopem
606 518 669 547 aut
685 514 815 547 invidit
832 514 989 549 habenti.

52 558 143 599 Quos
159 559 248 591 rami
264 558 411 602 fructus,
429 570 512 602 quos
530 559 607 602 ipsa
623 559 776 593 volentia
791 571 875 592 rura
1108 561 1176 594 500

51 603 181 648 Sponte
197 604 308 637 tulere
326 615 398 647 sua,
416 605 545 648 carpsit
555 617 564 645 3
589 616 652 638 nee
669 605 780 638 ferrea
791 606 876 648 jura

51 648 287 693 Insanumque
303 650 418 682 forum
434 654 496 683 aut
512 651 634 694 populi
650 650 827 684 tabula-ria
845 651 945 685 vidit.

51 694 248 728 Sollicitam
265 695 326 728 alii
340 695 444 728 remis
459 696 551 728 freta
567 707 667 739 caeca,
684 700 863 740 ruuntque

51 740 95 774 In
111 740 252 782 ferrum,
268 745 453 784 penetrant
469 741 567 774 aulas
585 746 619 774 et
635 742 759 775 limina
774 753 898 784 regum
912 754 922 783 3

51 785 121 819 Hic
136 786 226 829 petit
243 786 386 819 excidiis
402 786 524 819 urbem
540 787 749 830 miserosque
766 792 920 831 penates,

51 831 101 864 Ut
116 843 253 874 gemma
270 831 377 874 bibat,
395 836 430 864 et
447 831 594 865 Sarrano
612 832 761 866 dormiat
778 836 893 873 ostro,
886 845 893 852 ·

51 876 177 910 Condit
193 888 272 921 opes
289 877 389 920 alius,
407 877 608 921 defossoque
624 877 769 911 incubat
785 889 891 919 aur03

51 922 121 955 Hic
138 926 256 966 stupet
272 923 444 956 attonitus
460 924 602 964 rostris3
626 923 721 956 hunc
737 923 882 968 plausus
899 923 1058 957 hiantem

51 967 118 1001 Per
133 979 259 1001 cuneos
275 969 471 1012 geminatus
489 969 582 1002 enim
597 969 777 1013 plebisque
794 974 1005 1013 patrumque

52 1013 248 1057 Corripuit3
273 1014 428 1057 gaudent
445 1015 577 1058 perfusi
594 1015 763 1058 sanguine
779 1016 941 1059 fratrum,
1108 1018 1176 1049 510

50 1059 251 1103 Exsilioque
268 1060 385 1093 domos
402 1064 437 1093 et
455 1060 571 1093 dulcia
587 1060 710 1094 limina
725 1065 877 1104 mutant,

50 1105 168 1149 Atque
184 1105 252 1138 alio
268 1106 420 1150 patriam
437 1110 599 1150 quaerunt
618 1105 681 1139 sub
698 1106 768 1140 sole
779 1107 967 1150 jacentem.

50 1151 239 1194 Agricola'
229 1162 372 1184 incurvo
391 1155 519 1185 terram
536 1152 683 1185 dimovit
699 1156 836 1186 aratro:

51 1196 147 1229 Hinc
163 1197 246 1230 anm'
263 1196 381 1238 labor3
405 1197 487 1230 hinc
504 1198 656 1241 patriam
671 1209 865 1242 parvosque
882 1201 1025 1242 nepotes

52 1241 232 1283 Sustinet3
256 1242 338 1275 hinc
355 1247 513 1276 armenta
528 1243 634 1276 boum
648 1244 859 1287 meritosque
871 1245 1051 1287 juvencos.

51 1286 86 1320 N
87 1299 124 1321 ec
139 1288 285 1331 requies,
302 1288 388 1332 quin
404 1292 467 1321 aut
484 1289 594 1332 pomis
611 1289 777 1322 exuberet
794 1301 917 1332 annus,

51 1333 127 1366 Aut
141 1333 218 1366 fetu
234 1344 407 1380 pecorum,
424 1338 487 1367 aut
505 1334 652 1367 Cerealis
668 1335 815 1378 mergite
832 1334 950 1378 culmi,

52 1377 298 1422 Proventuque
315 1383 433 1412 oneret
450 1379 571 1423 sulcos,
589 1384 694 1423 atque
710 1380 832 1413 horrea
849 1380 977 1414 vincat.

53 1423 160 1457 Venit
176 1424 307 1457 hiems:
332 1425 459 1458 teritur
475 1425 637 1468 Sicyonia
653 1425 759 1459 bacca
775 1426 944 1469 trapetis;

53 1470 186 1503 Glande
203 1481 280 1503 sues
297 1470 371 1503 laeti
387 1471 557 1503 redeunt·
549 1497 558 1511 ‚
583 1471 670 1504 dant
686 1471 811 1504 arbuta
830 1471 949 1505 silvae·
940 1497 950 1513 ,
1105 1473 1175 1505 520

52 1515 99 1549 Et
115 1515 227 1548 varios
243 1516 343 1559 ponit
360 1516 452 1549 fetus
470 1520 689 1559 auctumnus,
707 1520 742 1550 et
759 1517 830 1550 alte

52 1560 151 1594 Mitis
167 1561 205 1594 in
221 1561 347 1605 apricis
364 1562 525 1605 coquitur
541 1562 717 1596 vindemia
734 1563 835 1596 saxis.

53 1606 192 1640 Interea
208 1607 326 1640 dulces
343 1609 496 1651 pendent
513 1608 644 1640 circum
662 1608 778 1641 oscula
794 1608 869 1641 nati
884 1620 893 1649 3

53 1652 156 1686 Casta
172 1652 379 1696 pudicitiam
396 1658 510 1686 servat
527 1654 648 1686 domus
663 1666 671 1694 ;
695 1654 803 1687 ubera
819 1664 932 1686 vaccae

53 1697 182 1731 Lactea
200 1698 392 1732 demittunt
406 1711 413 1732 :
439 1699 654 1743 pinguesque
670 1699 708 1732 in
724 1700 881 1743 gramine
897 1699 980 1733 laeto

55 1743 154 1777 Inter
170 1755 205 1777 se
222 1744 374 1778 adversis
390 1744 572 1778 luctantur
588 1745 749 1779 cornibus
767 1745 868 1780 haedj.
