1320 1932
460 51 676 85 AENEIDOS
700 52 788 87 ΗΡ».
816 54 876 88 XI.
1157 59 1223 90 341

109 117 272 151 Femineo
289 117 412 161 praedae
430 121 465 151 et
482 118 668 162 spoliorum
685 119 829 153 ardebat
847 132 962 154 amare
977 133 984 154 z

109 163 231 196 Telum
248 174 292 196 ex
308 163 442 196 insidiis
459 175 568 207 quum
585 165 725 197 tandem
746 171 898 209 tempore
916 171 1019 210 casto

109 208 277 250 Concitat,
296 213 331 242 et
348 221 486 253 superos
505 213 636 243 Arruns
653 210 701 243 sic
718 222 800 244 voce
817 220 1002 255 precatur:

113 252 284 286 “Summe
302 254 415 296 deum,
434 256 544 288 sancti
561 263 675 288 custos
694 254 843 288 Soractis
862 256 994 299 Apollo,

110 299 221 341 Quem
237 300 341 343 primi
358 299 511 342 colimus,
529 299 585 331 eui
602 299 726 343 pineus
743 299 845 332 ardor
861 311 982 333 acervo

109 345 278 389 Pascitur,
296 349 331 378 et
346 345 500 378 medium
516 345 598 378 freti
614 345 745 388 pietate
762 356 823 389 per
839 345 957 388 ignem

109 391 265 425 Cultores
281 391 395 424 multa
411 390 598 434 premimus
616 390 763 434 vestigia
780 402 896 434 pruna
910 404 917 431 3

108 437 172 481 Da,
190 437 304 480 Pater,
321 436 386 470 hoc
403 436 527 470 nostris
544 436 672 469 aboleri
689 436 837 469 dedecus
854 437 968 480 armis,

110 483 346 526 Omnipotens.
386 482 465 515 Non
482 482 635 525 exuvias,
653 482 806 526 pulsaeve
823 486 994 526 tropaeum
1161 484 1227 518 790

111 528 275 572 Virginis,
293 532 356 562 aut
373 528 482 572 spolia
498 528 572 561 ulla,
589 532 669 572 peto
683 540 690 561 ε
715 528 802 561 mihi
820 532 934 562 cetera
951 529 1090 563 laudem

109 574 218 607 Facta
233 574 364 608 ferent:
388 574 464 607 haec
482 573 556 607 dira
573 585 648 607 meo
666 573 749 606 dum
767 574 909 608 vulnere
926 575 1034 619 pestis

109 619 217 653 Pulsa
234 620 349 662 cadat,
364 620 494 664 patrias
510 619 668 653 remeabo
685 620 854 663 inglorius
871 620 1003 655 urbes.’'

108 666 241 708 Audiit,
260 670 295 699 et
311 666 384 699 voti
401 665 552 698 Phoebus
569 665 749 698 succedere
767 670 901 709 partem

134 712 229 745 lente
247 712 344 745 dedit
358 724 366 752 ;
391 715 526 755 partem
542 711 697 744 volucres
716 711 876 755 dispersit
894 712 930 745 in
948 723 1058 747 auras,

109 757 284 791 Sterneret
303 761 340 791 ut
357 757 471 790 subita
488 756 665 790 turbatam
682 762 792 790 morte
811 757 1002 800 Camillam,

109 802 246 836 Annuit
263 803 375 836 oranti
390 815 396 836 :
421 803 583 835 reducem
600 806 641 836 ut
658 803 771 846 patria
788 803 861 836 alta
878 804 1021 846 videret,

108 848 142 882 N
144 861 188 882 on
205 849 302 882 dedit
317 861 324 889 ;
349 849 455 892 inque
472 851 570 881 notos
588 860 706 881 vocem
722 852 855 882 vertere
872 850 1039 893 procellae.

109 894 210 938 Ergo,
228 901 267 928 ut
283 895 387 928 missa
403 905 508 927 manu
527 894 679 927 sonitum
696 894 792 927 dedit
809 894 911 928 hasta
927 907 989 939 per
1005 907 1119 939 auras,

109 940 314 974 Convertere
331 941 463 974 animos
479 951 574 973 acres
591 940 772 981 oculosque
790 941 901 974 tulere
1157 943 1224 974 800

110 986 235 1020 Cuncti
252 987 296 1020 ad
311 987 468 1030 reginam
485 985 610 1019 Volsci.
651 986 749 1019 Nihil
766 986 841 1030 ipsa
857 997 969 1030 neque
986 998 1078 1021 aurae

108 1032 143 1065 N
144 1044 182 1066 ec
199 1033 332 1066 sonitus
348 1043 487 1075 memor,
504 1035 566 1065 aut
583 1032 754 1065 venientis
771 1032 817 1066 ab
833 1033 959 1066 aethere
977 1033 1057 1066 teli:

109 1078 223 1112 Hasta
239 1078 302 1112 sub
319 1082 491 1111 exsertam
508 1077 615 1111 donec
633 1078 767 1122 perlata
782 1079 951 1122 papillam

109 1124 232 1168 Haesit,
249 1124 514 1168 virgineumque
531 1123 601 1157 alte
617 1123 707 1157 bibit
723 1128 802 1157 acta
819 1135 982 1158 cruorem.

109 1170 490 1215 Concurrunt'trepidae
508 1169 659 1213 comites,
676 1170 921 1213 dominamque
937 1174 1097 1203 ruentem

109 1215 321 1260 Suscipiunt.
363 1216 471 1259 Fugit
487 1219 569 1248 ante
586 1227 702 1248 omnes
720 1216 906 1249 exterritus
923 1216 1066 1259 Arruns,

109 1262 248 1295 Laetitia
263 1262 445 1305 mixtoque
461 1264 558 1294 metu
573 1273 582 1302 ;
606 1272 669 1294 nec
681 1262 757 1305 jam
774 1262 922 1305 amplius
940 1261 1049 1295 hastae

110 1308 261 1349 Credere,
279 1319 342 1340 nec
360 1307 438 1340 telis
455 1318 630 1340 occurrere
647 1307 793 1350 virginis
810 1308 924 1341 audet.

108 1353 160 1387 Ac
177 1353 275 1387 velut
292 1353 361 1395 ille,
377 1354 474 1397 prius
493 1364 597 1396 quam
614 1352 685 1386 tela
700 1353 842 1386 inimica
860 1357 1059 1397 sequantur,

109 1399 280 1433 Continuo
297 1400 334 1432 in
350 1403 485 1432 montes
502 1410 573 1431 sese
590 1399 688 1432 avius
704 1398 840 1432 abdidit
857 1399 954 1443 altos,
1157 1402 1226 1433 810

110 1445 228 1479 Occiso
245 1449 391 1489 pastore,
408 1445 521 1488 lupus,
537 1456 707 1488 magnove
719 1445 879 1488 juvenco,

109 1490 271 1524 Conscius
289 1491 429 1524 audacis
446 1490 542 1532 facti,
559 1490 772 1534 caudamque
789 1491 981 1524 remulcens

109 1536 264 1580 Subjecit
280 1537 498 1581 pavitantem
515 1540 622 1579 utero,
640 1536 810 1580 silvasque
828 1537 972 1580 petivit:

109 1582 217 1616 Haud
235 1594 331 1615 secus
348 1594 391 1615 ex
409 1582 516 1615 oculis
533 1593 568 1615 se
585 1582 747 1615 turbidus
764 1582 912 1615 abstulit
929 1583 1072 1627 Arruns,

109 1628 370 1672 contentusque
387 1628 473 1671 fuga
488 1628 611 1661 mediis
628 1639 663 1661 se
680 1628 870 1661 immiscuit
887 1629 1002 1662 armis.

110 1673 180 1707 Illa
195 1685 302 1707 manu
319 1673 467 1707 moriens
483 1673 594 1706 telum
612 1673 743 1708 trahit:
769 1685 843 1707 ossa
861 1674 919 1707 sed
937 1674 1029 1708 inter

111 1718 255 1754 Ferreus
271 1719 316 1754 ad
333 1723 443 1754 costas
460 1719 532 1753 alto
549 1723 620 1753 stat
637 1719 780 1754 vulnere
796 1731 926 1754 mucro.
