1320 1932
419 72 638 107 AENEIDOS
662 73 750 107 LIB.
774 73 835 107 XI.

76 141 258 175 Gramineo
275 141 404 174 donum
422 141 546 174 Triviae
563 140 605 173 de
622 141 750 184 cespite
767 140 874 173 vellit.

74 187 107 220 Ν
109 199 152 220 on
169 187 269 220 illum
286 187 386 220 tectis
404 186 492 229 uHae,
509 198 579 219 non
595 185 765 218 moem'bus
782 185 882 218 urbes

72 233 255 276 Accepere,
272 243 384 276 neque
400 232 473 276 ipse
489 243 612 264 manus
629 231 768 264 feritate
785 231 934 264 dedisset
950 243 959 272 ;

74 277 257 311 Pastorum
274 282 309 311 et
326 278 406 310 solis
423 277 540 320 exegit
555 277 731 310 montibus
749 288 870 310 aevum.

74 323 144 356 Hic
161 329 281 357 natam
297 323 334 356 in
351 323 465 355 dumis
481 323 640 365 interque
657 322 832 355 horrentia
848 323 960 356 lustra

73 369 285 402 Armentalis
302 380 400 411 equae
416 368 576 401 mammis
593 372 628 401 et
644 368 734 400 lacte
751 368 861 401 ferino

73 414 107 447 N
108 415 250 456 utribat,
268 414 396 447 teneris
413 414 621 456 immulgens
638 412 744 446 ubera
760 413 874 447 labris.

74 460 191 503 thue
207 460 335 504 pedum
352 459 472 503 primis
489 459 605 492 infans
622 459 769 502 vestigia
786 459 915 502 plantis

75 505 265 548 Institerat,
279 505 396 549 jaculo
414 505 546 548 palmas
563 505 719 537 oneravit
735 509 848 548 acuto,

74 550 283 595 Spiculaque
300 562 343 583 ex
360 551 502 583 humero
519 562 634 594 parvae
653 550 832 594 suspendit
849 555 884 583 et
901 562 1029 584 arcum.

74 595 140 629 Pro
158 597 281 629 crinali
298 607 391 637 auro,
409 607 470 639 pro
487 596 599 639 longae
616 597 769 638 tegmine
786 596 896 639 pallae,

74 641 224 685 Tigridis
242 642 375 675 exuviae
392 653 453 685 per
469 641 608 674 dorsum
624 653 645 674 a
661 642 790 674 vertice
807 642 969 685 pendent.

76 687 159 720 Tela
175 699 283 721 manu
295 688 370 731 jam
387 692 464 720 tum
481 691 600 720 tenera
616 687 764 730 puerilia
780 688 889 730 torsit,

73 732 120 765 Et
137 733 283 766 fundam
300 733 402 765 tereti
419 733 550 765 circum
567 736 673 776 caput
691 733 762 775 egit
778 732 923 776 habena,

74 778 377 821 Strymoniamque
393 789 524 821 gruem,
541 782 603 810 aut
620 778 739 810 album
755 778 881 821 dejecit
898 778 1032 812 olorem.

74 823 197 856 Multae
215 824 312 856 illam
328 824 458 856 frustra
474 823 652 866 Tyrrhena
668 834 729 867 per
745 823 872 866 oppida
888 828 1014 857 matres

75 869 245 912 Optavere
261 880 390 902 nurum
404 880 410 902 :
437 869 507 901 sola
524 873 688 901 contenta
704 868 828 911 Diana,

72 914 257 947 AEternum
274 914 423 947 telorum
439 919 474 947 et
491 914 704 956 virginitatis
721 926 871 947 amorem

74 960 288 993 Intemerata
305 960 396 992 colit.
446 961 464 977 “
480 960 613 993 Vellem
631 961 725 993 haud
743 965 899 1003 correpta
916 958 1038 991 fuisset

73 1005 205 1038 Militia
222 1005 295 1047 tali,
313 1009 437 1038 conata
452 1005 616 1038 lacessere
634 1005 779 1038 Teucros
797 1018 805 1046 ;

73 1051 160 1084 Cara
175 1051 263 1083 mihi
281 1051 515 1094 comitumque
533 1051 622 1083 foret
639 1062 733 1084 nunc
751 1063 822 1084 una
838 1063 1002 1085 mearum.

74 1096 204 1129 Verum
221 1108 294 1139 age,
312 1096 593 1139 quandoquidem
609 1096 691 1129 fatis
708 1101 853 1139 urgetur
870 1096 1010 1140 acerbis,

73 1141 212 1184 Labere,
230 1141 403 1184 Nympha,
421 1142 509 1185 polo,
526 1142 680 1184 finesque
697 1142 807 1175 invise
824 1143 975 1186 Latinos,

73 1187 195 1220 Tristis
212 1187 272 1219 ubi
288 1187 441 1220 infausto
459 1187 689 1220 committitur
705 1188 818 1220 omine
835 1200 962 1231 pugna.

73 1232 159 1265 Haec
176 1243 269 1276 cape,
287 1237 322 1265 et
339 1233 500 1265 ultricem
516 1233 680 1276 pharetra
697 1233 856 1276 deprome
874 1234 1039 1276 sagittam
1056 1246 1063 1268 ι

74 1278 160 1321 Hac,
179 1279 388 1321 quicumque
405 1289 541 1310 sacrum
558 1278 695 1311 violarit
712 1279 854 1311 vulnere
872 1290 1004 1322 corpus,

73 1323 155 1357 Tros
173 1324 337 1366 Italusve,
353 1324 441 1356 mihi
458 1324 588 1367 pariter
604 1324 663 1356 det
681 1325 848 1367 sanguine
865 1336 993 1368 poenas,

73 1368 156 1402 Post
173 1380 235 1412 ego
252 1368 344 1402 nube
361 1380 445 1402 cava
461 1369 667 1402 miserandae
685 1381 807 1413 corpus
824 1374 859 1403 et
876 1381 972 1403 arma

73 1414 269 1458 Inspoliata
284 1415 393 1448 feram
410 1415 556 1457 tumulo,
574 1415 763 1458 patriaeque
778 1416 970 1459 reponam.'’
1008 1452 1013 1455 ,,

73 1459 174 1493 Dixit
189 1472 195 1493 ι
221 1464 258 1493 at
274 1460 336 1493 illa
352 1461 444 1493 leves
461 1460 537 1493 coeli
555 1460 695 1504 delapsa
711 1472 772 1504 per
788 1472 890 1494 auras

74 1505 243 1548 Insonuit,
261 1506 360 1549 nigro
378 1506 593 1539 circumdata
610 1506 748 1539 turbine
766 1517 896 1550 corpus.

119 1551 167 1584 At
183 1563 307 1585 manus
324 1552 457 1584 interea
473 1552 581 1584 muris
598 1552 745 1595 Trojana
761 1553 981 1596 propinquat,

72 1595 281 1640 Etruscique
298 1597 411 1640 duces,
429 1598 654 1641 equitumque
671 1598 844 1630 exercitus
861 1599 980 1641 omnis,

74 1643 261 1686 Oompositi
276 1655 419 1676 numero
436 1644 473 1676 in
490 1647 631 1677 turmas.
679 1643 811 1676 Fremit
828 1655 961 1687 aequore
977 1648 1050 1679 toto

75 1687 255 1722 Insultans
273 1689 416 1732 sonipes,
434 1693 469 1721 et
486 1689 608 1733 pressis
626 1694 760 1733 pugnat
776 1689 920 1722 habenis

76 1733 158 1768 Huc
175 1734 335 1769 obversus
351 1740 387 1768 et
402 1734 471 1768 huc
485 1747 495 1776 3
519 1738 595 1768 tum
612 1735 682 1769 late
698 1735 828 1769 ferreus
844 1735 953 1769 hastis

1121 75 1188 106 335

1121 324 1188 356 570

1121 780 1188 811 580

1120 1236 1188 1267 590

1121 1693 1188 1725 600
