1345 1927
454 29 673 66 AENEIDOS
697 32 784 66 LIB.
812 33 860 68 II.
1150 39 1214 70 113

103 95 265 141 Undique
281 97 414 131 visendi
432 99 547 132 studio
564 99 712 143 Trojana
723 102 892 143 juventus

103 142 319 176 Circumfusa
334 145 416 186 ruit,
434 149 636 188 certantque
653 145 798 178 illudere
816 151 926 190 capto.

101 188 228 232 Accipe
244 190 338 222 nunc
354 189 516 223 Danaum
531 190 684 234 insidias,
702 196 737 224 et
754 191 897 224 crimine
914 191 958 225 ab
973 203 1044 226 uno

99 232 202 267 Disce
218 245 344 268 01111105.

99 278 268 322 Namque,
284 284 326 313 ut
342 284 529 324 conspectu
545 281 583 314 in
599 281 712 315 medio
729 281 900 323 turbatus,
917 283 1058 316 inermis

100 323 274 367 Constitit,
291 329 396 369 atque
413 326 521 359 oculis
538 327 692 370 Phrygia
709 328 850 370 agmina
867 328 1114 372 circumspexit
1128 342 1135 363 ι

102 370 111 386 ‘
123 370 211 410 Heu,
231 382 307 414 quae
324 382 418 404 1111110
435 372 561 413 tellus,’
579 373 705 415 inquit,
724 382 731 389 ·
743 384 821 415 quae
838 384 894 406 me
911 384 1051 416 aequora
1067 377 1212 416 possunt

101 414 264 466 Accipere
279 415 291 448 2
315 420 378 448 aut
395 416 479 459 quid
491 419 567 460 jam
582 417 705 450 misero
720 417 808 450 mihi
826 417 974 462 denique
990 418 1119 451 restat?
1171 422 1212 451 70

101 460 165 492 Cui
182 472 292 504 neque
309 462 402 504 apud
419 462 556 495 Danaos
572 474 719 506 usquam
736 463 839 505 100115,
857 469 892 496 et
909 475 1010 507 super
1026 464 1094 506 ipsi

99 504 310 539 Dardanidae
327 507 454 539 infensi
470 519 588 551 poenas
605 519 685 540 cum
701 509 869 551 sanguine
886 508 1054 552 poscunt?

101 550 175 591 Quo
192 552 327 594 gemitu
343 553 496 586 conversi
513 553 630 596 animi,
648 564 859 597 compressus
876 558 911 586 et
927 554 1037 586 omnis

101 596 265 640 Impetus.
315 598 505 631 Hortamur
520 599 595 640 fari,
614 610 681 642 quo
698 599 866 642 sanguine
883 604 1007 641 cretus,

101 641 235 682 Quidve
251 643 341 676 ferat
354 656 362 684 ;
386 648 562 686 memoret,
579 656 654 687 quae
672 645 716 677 sit
733 644 861 678 fiducia
877 649 986 688 capto.

100 687 165 720 Ille
182 687 266 731 haec,
284 689 439 732 deposita
456 689 598 722 tandem
614 690 807 731 formidine,
823 690 918 723 fat-ur
933 701 940 723 z
988 712 1008 715 κ

143 733 162 750 “
176 733 324 765 ‘Cuncta
340 732 501 775 equidem
513 732 589 775 tibi,
602 732 686 772 Rex,
699 733 807 766 fuerit
820 732 1072 776 quodcumque,
1086 729 1220 763 fatebor

97 777 209 819 Vera‚’
226 778 342 820 inquit
356 790 363 811 :
390 778 520 820 ‘neque
536 789 591 810 me
608 778 772 820 Argolica
789 778 831 810 de
849 782 952 820 gente
970 776 1102 817 negabo
1120 788 1126 808 :

101 821 178 855 Hoc
194 822 345 866 primum
359 834 367 862 3
392 833 464 863 1100,
483 822 511 854 51
527 822 691 854 miserum
707 821 849 854 fortuna
866 821 1029 854 Sinonem

101 867 232 910 Finxit,
249 879 380 900 vanum
396 867 502 900 etiam
517 867 788 910 mendacemque
805 867 961 910 improba
978 866 1095 910 finget.
1169 868 1212 899 80

82 911 219 946 ‘Fando
236 913 375 957 aliquod
392 913 421 946 si
436 913 525 946 forte
541 916 621 946 tuas
637 912 795 956 pervenit
811 912 855 945 ad
872 923 972 945 aures

100 957 230 991 Belidae
246 970 371 992 nomen
387 957 582 991 Palamedis
599 962 634 990 et
649 957 782 1001 inclyta
798 957 892 990 fama

101 1003 233 1037 Gloria:
251 1016 352 1048 quem
369 1004 456 1037 falsa
472 1003 535 1036 sub
552 1003 745 1047 proditione
763 1003 899 1046 Pelasgi

101 1049 288 1092 Insontem,
305 1050 448 1082 infando
464 1049 602 1091 indicio,
620 1049 702 1092 quia
718 1048 809 1082 bella
825 1048 976 1091 vetabat,

100 1094 275 1128 Demisere
291 1095 368 1128 neci
382 1107 390 1135 ;
414 1106 508 1128 1111110
525 1106 660 1128 cassum
676 1094 808 1127 lumine
824 1094 949 1138 lugent
964 1107 971 1135 ;

101 1139 160 1173 Illi
174 1151 230 1174 me
247 1141 407 1174 comitem
424 1145 459 1174 et
475 1140 777 1183 consanguinitate
795 1140 1030 1184 propinquum

100 1184 238 1229 Pauper
253 1186 291 1218 in
307 1198 403 1219 arma
418 1190 518 1230 pater
534 1186 653 1229 primis
670 1185 738 1218 huc
755 1185 850 1218 misit
867 1185 909 1218 ab
926 1185 1044 1218 annis:

99 1230 194 1264 Dum
211 1231 324 1265 stabat
339 1243 445 1274 regno
461 1231 654 1273 incolumis,
669 1242 860 1274 regumque
877 1230 1018 1273 vigebat

101 1276 266 1319 Consiliis,
284 1282 320 1310 et
335 1288 396 1309 nos
412 1276 552 1320 aliquod
568 1287 760 1320 nomenque
777 1276 950 1318 decusque

101 1322 283 1355 Gessimus.
331 1322 470 1355 Invidia
486 1326 669 1365 postquam
685 1322 827 1365 pellacis
844 1321 942 1354 Ulixi
1169 1322 1213 1353 90

101 1367 224 1411 (Haud
240 1367 360 1411 ignota
376 1367 510 1411 loquor)
529 1367 661 1410 superis
678 1367 845 1400 concessit
861 1367 904 1399 ab
921 1366 987 1399 oris
1001 1378 1009 1400 ι

99 1412 258 1446 Afflictus
275 1414 385 1447 vitam
401 1413 439 1445 111
455 1413 605 1446 tenebris
621 1412 790 1456 luctuque
806 1411 996 1455 trahebam,

99 1457 146 1492 Et
162 1469 281 1492 casum
297 1458 443 1491 insontis
459 1469 597 1491 mecum
612 1458 819 1501 indignabar
835 1457 947 1490 amici.

99 1503 172 1537 Nee
188 1505 284 1537 tacui
301 1504 440 1537 demens
456 1516 464 1544 ;
489 1507 524 1536 et
539 1514 605 1545 me,
621 1503 690 1536 fors
708 1504 737 1536 si
754 1514 823 1546 qua
839 1502 987 1545 tulisset,

99 1548 137 1582 Si
152 1549 282 1593 patrios
298 1560 455 1593 unquam
470 1560 674 1582 remeassem
691 1548 801 1582 victor
817 1548 862 1582 ad
878 1548 998 1591 Argos,

101 1593 247 1628 Promisi
263 1595 412 1628 ultorem
427 1607 435 1635 3
460 1599 496 1627 et
512 1594 624 1627 verbis
641 1594 719 1627 odia
735 1605 856 1637 aspera
871 1594 973 1627 movi.

101 1639 195 1673 Hinc
210 1640 298 1673 mihi
314 1641 427 1685 prima
442 1640 527 1673 mali
543 1639 636 1673 labes
651 1653 659 1680 ;
684 1640 767 1673 hine
784 1651 916 1683 semper
933 1639 1053 1672 Ulixes

101 1685 310 1719 Criminibus
327 1691 454 1719 terrere
470 1686 568 1719 novis
582 1698 591 1727 ;
615 1685 698 1718 hinc
714 1696 873 1730 spargere
890 1696 988 1718 voces

646 1741 662 1764 1
