1345 1927
387 70 654 105 GEORGICON
680 70 768 104 LIB.
798 71 858 105 IV.
1143 74 1186 107 77

62 136 201 170 Primus
218 147 297 170 vere
312 147 425 170 rosam
442 140 549 180 atque
566 140 754 169 auct-umno
771 148 910 180 carpere
927 148 1038 181 poma,

62 183 119 226 Et,
137 194 247 226 quum
263 182 373 215 tristis
390 182 500 215 hiems
518 183 623 215 etiam
641 193 734 214 nunc
751 182 879 224 frigore
896 194 980 215 saxa

62 228 265 271 Rumperet,
284 231 319 260 et
336 228 447 271 glacie
465 239 583 260 cursus
600 227 752 260 frenaret
769 239 949 271 aquarum,

63 273 128 306 Ille
145 285 279 306 comam
295 273 409 306 mollis
422 274 498 316 jam
515 273 681 305 tondebat
699 273 891 315 hyacinthi,

61 319 236 352 AEstatem
252 319 465 362 increpitans
483 329 594 351 seram
611 318 843 362 zephyrosque
859 323 1042 353 morantes,

63 364 154 407 Ergo
171 364 297 408 apibus
313 364 396 397 fetis
412 364 505 397 idem
521 368 628 407 atque
645 364 804 396 examine
820 364 931 397 multo

63 409 202 442 Primus
219 409 408 452 abundare,
426 414 461 442 et
478 410 678 453 spumantia
695 420 814 452 cogere
831 410 954 453 pressis
1124 412 1189 443 140

64 455 173 488 Mella
189 455 278 488 favis
293 467 302 496 3
327 456 381 488 1111
398 455 484 488 tiliae
502 459 608 499 atque
625 454 798 488 uberrima
816 456 920 499 pinus
935 468 944 497 ;

65 501 226 544 Quotque
242 501 280 533 in
295 501 378 534 flore
395 512 483 534 novo
500 501 611 544 pomis
629 512 663 533 se
679 501 805 534 fertilis
822 501 921 534 arbos

65 546 244 589 Induerat,
262 547 408 580 totidem
425 552 615 580 auetumno
631 550 770 579 matura
787 546 938 581 tenebat.

65 592 131 625 Ille
148 593 255 625 etiam
273 603 363 626 seras
380 593 417 625 111
434 604 572 625 versum
589 592 729 625 distulit
744 592 867 635 ulmos,

65 637 289 681 Eduramque
305 639 422 682 pirum
439 642 473 671 et
491 638 606 681 spinos
618 639 693 681 jam
710 649 823 681 pruna
839 638 997 682 ferentes,

66 684 218 726 Jamque
235 684 494 717 ministrantem
510 683 695 735 platanum
712 683 914 736 potantibus
930 685 1079 719 umbras.

68 729 199 762 Verum
215 729 315 762 haec
306 741 379 773 lpse
396 729 566 772 equidem,
585 729 706 772 spatiis
723 729 910 762 exclusus
901 730 1030 773 iniquis

68 774 249 817 Praetereo,
267 779 372 818 atque
390 763 467 807 aliis
485 779 562 818 post
579 785 634 807 me
651 775 875 807 memoranda
892 775 1059 827 relinquo.

115 820 218 853 Nunc
235 831 309 863 age,
327 824 471 853 naturas
489 819 612 863 apibus
630 830 715 862 quas
732 820 876 863 Jupiter
894 820 967 864 ipse

68 865 225 908 Addidit,
243 866 436 918 expediam,
454 876 515 909 pro
534 877 602 908 qua
618 865 784 907 mercede,
803 876 944 899 canoros
1126 869 1193 900 150

69 911 235 944 Curetum
253 911 385 944 sonitus
403 911 681 955 crepitantiaque
699 921 767 944 aera
784 915 921 955 secutae,

69 957 203 990 Dictaeo
220 957 298 990 coeli
314 968 430 1000 regem
447 968 572 1000 pavere
590 956 654 989 sub
671 960 780 990 antro.

70 1002 156 1036 Solae
174 1014 372 1036 communes
389 1007 498 1045 natos,
516 1002 687 1035 consortia
704 1005 799 1035 tecta

70 1048 173 1081 Urbis
190 1048 329 1091 habent,
347 1048 551 1091 magnisque
568 1047 707 1091 agitant
724 1047 787 1080 sub
804 1048 940 1092 legibus
958 1060 1091 1091 aevum;

71 1093 117 1127 Et
133 1094 284 1138 patriam
301 1093 380 1127 solae
397 1098 433 1127 et
449 1097 558 1127 certos
575 1105 701 1126 novere
717 1098 860 1137 penates
873 1106 881 1135 ;

72 1139 305 1183 Venturaeque
321 1139 445 1172 hiemis
461 1150 627 1172 memores
645 1143 764 1172 aestate
782 1139 934 1173 laborem

72 1185 320 1229 Experiuntur,
338 1189 373 1218 et
389 1185 427 1218 in
443 1185 597 1218 medium
615 1185 762 1228 quaesita
778 1190 963 1229 reponunt.

73 1231 231 1275 Namque
248 1231 325 1264 aliae
342 1231 439 1264 victu
456 1231 654 1274 invigilant,
673 1234 708 1263 et
725 1231 853 1264 foedere
870 1236 972 1275 pacto

73 1276 291 1310 Exercentur
307 1276 422 1319 agris;
446 1287 526 1320 pars
544 1277 638 1309 intra
655 1279 754 1319 septa
771 1277 950 1310 domorum

73 1321 228 1355 Narcissi
243 1302 434 1364 lacrimam,
452 1325 487 1354 et
502 1322 639 1354 lentum
657 1321 699 1354 de
717 1322 844 1355 cortice
861 1323 994 1366 gluten,
1133 1325 1198 1357 leo

74 1367 193 1400 Prima
208 1367 297 1400 favis
313 1348 450 1411 ponurit
465 1367 683 1409 fundamina,
701 1367 826 1400 deinde
843 1372 981 1402 tenaces

74 1412 299 1457 Suspendunt
317 1424 430 1453 ceras;
455 1412 543 1456 aliae,
561 1424 658 1465 spem
675 1413 800 1456 gentis,
818 1413 956 1447 adultos

74 1458 241 1492 Educunt
257 1458 373 1499 fetus3
398 1438 474 1491 aliae
492 1458 676 1502 purissima
692 1458 798 1492 mella

75 1503 227 1548 Stipant,
244 1507 279 1537 et
296 1504 430 1548 liquido
448 1504 653 1537 distendunt
669 1508 810 1537 nectare
827 1504 940 1539 cellas.

75 1549 175 1593 Sunt,
193 1549 319 1593 qmbus
336 1549 380 1583 ad
397 1554 514 1594 portas
531 1549 657 1582 cecidit
674 1550 830 1583 custodia
847 1551 954 1591 sorti;

76 1595 188 1639 Inque
205 1595 316 1628 vicem
334 1595 561 1648 speculantur
574 1606 681 1639 aquas
698 1599 734 1628 et
749 1596 872 1629 nubila
889 1577 991 1638 coeli3

76 1640 150 1674 Aut
167 1652 271 1674 onera
287 1641 467 1684 accipiunt
483 1641 697 1684 venientum,
714 1646 777 1675 aut
794 1642 933 1685 agmine
950 1643 1046 1677 facto

77 1687 260 1730 Ignavum,
277 1686 385 1729 fucos,
403 1698 508 1730 pecus
526 1698 546 1720 a
562 1687 773 1731 praesepibus
790 1692 918 1722 arcent.

78 1731 204 1766 Fervet
221 1743 316 1776 opus,
335 1732 557 1776 redolentque
573 1733 695 1777 thymo
711 1733 907 1778 flagrantia
923 1733 1039 1770 mella„
