<?xml version="1.0" encoding="UTF-8"?>
<!DOCTYPE html PUBLIC "-//W3C//DTD XHTML 1.0 Transitional//EN"
    "http://www.w3.org/TR/xhtml1/DTD/xhtml1-transitional.dtd">
<html xmlns="http://www.w3.org/1999/xhtml" xml:lang="en" lang="en">
 <head>
  <title>
</title>
<meta http-equiv="Content-Type" content="text/html;charset=utf-8" />
  <meta name='ocr-system' content='tesseract 3.04.00' />
  <meta name='ocr-capabilities' content='ocr_page ocr_carea ocr_par ocr_line ocrx_word'/>
</head>
<body>
  <div class='ocr_page' id='page_1' title='image "./operaomnia00virguoft/operaomnia00virguoft_0107.png"; bbox 0 0 1345 1927; ppageno 0'>
   <div class='ocr_carea' id='block_1_1' title="bbox 448 76 836 117">
    <p class='ocr_par' dir='ltr' id='par_1_1' title="bbox 448 76 836 117">
     <span class='ocr_line' id='line_1_1' title="bbox 448 76 836 117; baseline -0.003 -6"><span class='ocrx_word' id='word_1_1' title='bbox 448 76 668 117; x_wconf 81' lang='lat' dir='ltr'><strong>AENEIDQS</strong></span> <span class='ocrx_word' id='word_1_2' title='bbox 694 77 780 111; x_wconf 89' lang='lat' dir='ltr'>LIB.</span> <span class='ocrx_word' id='word_1_3' title='bbox 808 77 836 111; x_wconf 90' lang='grc' dir='ltr'>Ι,</span> 
     </span>
    </p>
   </div>
   <div class='ocr_carea' id='block_1_2' title="bbox 87 143 989 418">
    <p class='ocr_par' dir='ltr' id='par_1_2' title="bbox 87 143 989 418">
     <span class='ocr_line' id='line_1_2' title="bbox 90 143 952 188; baseline -0.002 -10"><span class='ocrx_word' id='word_1_4' title='bbox 90 143 302 186; x_wconf 80' lang='lat' dir='ltr'>Phoenicum,</span> <span class='ocrx_word' id='word_1_5' title='bbox 320 147 356 178; x_wconf 91' lang='lat' dir='ltr'>et</span> <span class='ocrx_word' id='word_1_6' title='bbox 371 155 498 188; x_wconf 88' lang='lat' dir='ltr'>magno</span> <span class='ocrx_word' id='word_1_7' title='bbox 514 144 647 177; x_wconf 83' lang='lat' dir='ltr'>miserae</span> <span class='ocrx_word' id='word_1_8' title='bbox 664 143 812 176; x_wconf 80' lang='lat' dir='ltr'>dilectus</span> <span class='ocrx_word' id='word_1_9' title='bbox 829 155 952 187; x_wconf 77' lang='lat' dir='ltr'>amore,</span> 
     </span>
     <span class='ocr_line' id='line_1_3' title="bbox 88 189 983 235; baseline -0.001 -10"><span class='ocrx_word' id='word_1_10' title='bbox 88 191 152 225; x_wconf 81' lang='lat' dir='ltr'>Oui</span> <span class='ocrx_word' id='word_1_11' title='bbox 168 196 268 235; x_wconf 91' lang='lat' dir='ltr'>pater</span> <span class='ocrx_word' id='word_1_12' title='bbox 282 190 452 223; x_wconf 75' lang='lat' dir='ltr'><strong>intactam</strong></span> <span class='ocrx_word' id='word_1_13' title='bbox 469 190 620 232; x_wconf 79' lang='lat' dir='ltr'><strong>dederat,</strong></span> <span class='ocrx_word' id='word_1_14' title='bbox 637 189 826 233; x_wconf 84' lang='lat' dir='ltr'>primisque</span> <span class='ocrx_word' id='word_1_15' title='bbox 837 190 983 233; x_wconf 81' lang='lat' dir='ltr'>jugarat</span> 
     </span>
     <span class='ocr_line' id='line_1_4' title="bbox 89 235 985 279; baseline 0 -9"><span class='ocrx_word' id='word_1_16' title='bbox 89 237 279 270; x_wconf 81' lang='lat' dir='ltr'>Ominibus.</span> <span class='ocrx_word' id='word_1_17' title='bbox 327 236 394 270; x_wconf 86' lang='lat' dir='ltr'>Sed</span> <span class='ocrx_word' id='word_1_18' title='bbox 410 247 518 279; x_wconf 86' lang='lat' dir='ltr'>regna</span> <span class='ocrx_word' id='word_1_19' title='bbox 535 235 617 279; x_wconf 84' lang='lat' dir='ltr'>Tyri</span> <span class='ocrx_word' id='word_1_20' title='bbox 633 246 818 278; x_wconf 84' lang='lat' dir='ltr'>germanus</span> <span class='ocrx_word' id='word_1_21' title='bbox 835 236 985 270; x_wconf 78' lang='lat' dir='ltr'>habebat</span> 
     </span>
     <span class='ocr_line' id='line_1_5' title="bbox 87 281 989 326; baseline 0.001 -11"><span class='ocrx_word' id='word_1_22' title='bbox 87 282 303 326; x_wconf 82' lang='lat' dir='ltr'>Pygmalion,</span> <span class='ocrx_word' id='word_1_23' title='bbox 321 282 446 315; x_wconf 85' lang='lat' dir='ltr'>scelere</span> <span class='ocrx_word' id='word_1_24' title='bbox 463 286 545 314; x_wconf 85' lang='lat' dir='ltr'>ante</span> <span class='ocrx_word' id='word_1_25' title='bbox 562 281 646 314; x_wconf 87' lang='lat' dir='ltr'>alios</span> <span class='ocrx_word' id='word_1_26' title='bbox 663 281 847 314; x_wconf 84' lang='lat' dir='ltr'>immam&#39;or</span> <span class='ocrx_word' id='word_1_27' title='bbox 863 293 989 316; x_wconf 85' lang='lat' dir='ltr'>omnes.</span> 
     </span>
     <span class='ocr_line' id='line_1_6' title="bbox 89 326 989 370; baseline 0 -9"><span class='ocrx_word' id='word_1_28' title='bbox 89 328 180 369; x_wconf 84' lang='lat' dir='ltr'>Quos</span> <span class='ocrx_word' id='word_1_29' title='bbox 197 329 289 361; x_wconf 90' lang='lat' dir='ltr'>inter</span> <span class='ocrx_word' id='word_1_30' title='bbox 304 328 439 360; x_wconf 87' lang='lat' dir='ltr'>medius</span> <span class='ocrx_word' id='word_1_31' title='bbox 456 327 553 360; x_wconf 85' lang='lat' dir='ltr'>venit</span> <span class='ocrx_word' id='word_1_32' title='bbox 568 327 674 360; x_wconf 80' lang='lat' dir='ltr'>furor.</span> <span class='ocrx_word' id='word_1_33' title='bbox 723 326 788 359; x_wconf 86' lang='lat' dir='ltr'>Ille</span> <span class='ocrx_word' id='word_1_34' title='bbox 806 327 989 370; x_wconf 85' lang='lat' dir='ltr'>Syehaeum</span> 
     </span>
     <span class='ocr_line' id='line_1_7' title="bbox 88 373 888 418; baseline -0.001 -11"><span class='ocrx_word' id='word_1_35' title='bbox 88 374 222 418; x_wconf 83' lang='lat' dir='ltr'>Impius</span> <span class='ocrx_word' id='word_1_36' title='bbox 239 378 321 407; x_wconf 87' lang='lat' dir='ltr'>ante</span> <span class='ocrx_word' id='word_1_37' title='bbox 337 385 414 406; x_wconf 79' lang='lat' dir='ltr'>aras</span> <span class='ocrx_word' id='word_1_38' title='bbox 430 377 536 417; x_wconf 87' lang='lat' dir='ltr'>atque</span> <span class='ocrx_word' id='word_1_39' title='bbox 553 373 630 406; x_wconf 86' lang='lat' dir='ltr'>auri</span> <span class='ocrx_word' id='word_1_40' title='bbox 647 384 756 406; x_wconf 88' lang='lat' dir='ltr'>caecus</span> <span class='ocrx_word' id='word_1_41' title='bbox 773 384 888 406; x_wconf 87' lang='lat' dir='ltr'>amore</span> 
     </span>
    </p>
   </div>
   <div class='ocr_carea' id='block_1_3' title="bbox 88 419 1020 462">
    <p class='ocr_par' dir='ltr' id='par_1_3' title="bbox 88 419 1020 462">
     <span class='ocr_line' id='line_1_8' title="bbox 88 419 1020 462; baseline 0 -9"><span class='ocrx_word' id='word_1_42' title='bbox 88 419 185 453; x_wconf 85' lang='lat' dir='ltr'>Clam</span> <span class='ocrx_word' id='word_1_43' title='bbox 201 420 290 452; x_wconf 87' lang='lat' dir='ltr'>ferro</span> <span class='ocrx_word' id='word_1_44' title='bbox 307 419 489 452; x_wconf 88' lang='lat' dir='ltr'>incautum</span> <span class='ocrx_word' id='word_1_45' title='bbox 509 422 658 462; x_wconf 87' lang='lat' dir='ltr'>superat,</span> <span class='ocrx_word' id='word_1_46' title='bbox 677 430 816 452; x_wconf 81' lang='lat' dir='ltr'>securus</span> <span class='ocrx_word' id='word_1_47' title='bbox 834 431 991 453; x_wconf 88' lang='lat' dir='ltr'>amorum</span> <span class='ocrx_word' id='word_1_48' title='bbox 1014 438 1020 445; x_wconf 86' lang='lat'><strong>·</strong></span> 
     </span>
    </p>
   </div>
   <div class='ocr_carea' id='block_1_4' title="bbox 88 464 957 509">
    <p class='ocr_par' dir='ltr' id='par_1_4' title="bbox 88 464 957 509">
     <span class='ocr_line' id='line_1_9' title="bbox 88 464 957 509; baseline 0 -10"><span class='ocrx_word' id='word_1_49' title='bbox 88 466 267 499; x_wconf 86' lang='lat' dir='ltr'>Germanae</span> <span class='ocrx_word' id='word_1_50' title='bbox 282 477 290 506; x_wconf 91' lang='grc'>;</span> <span class='ocrx_word' id='word_1_51' title='bbox 314 465 518 508; x_wconf 88' lang='lat' dir='ltr'>factumque</span> <span class='ocrx_word' id='word_1_52' title='bbox 535 464 597 497; x_wconf 86' lang='lat' dir='ltr'>diu</span> <span class='ocrx_word' id='word_1_53' title='bbox 614 464 749 506; x_wconf 79' lang='lat' dir='ltr'>celavit,</span> <span class='ocrx_word' id='word_1_54' title='bbox 768 468 803 497; x_wconf 90' lang='lat' dir='ltr'>et</span> <span class='ocrx_word' id='word_1_55' title='bbox 821 476 957 509; x_wconf 78' lang='lat' dir='ltr'>aegram,</span> 
     </span>
    </p>
   </div>
   <div class='ocr_carea' id='block_1_5' title="bbox 86 510 1017 554">
    <p class='ocr_par' dir='ltr' id='par_1_5' title="bbox 86 510 1017 554">
     <span class='ocr_line' id='line_1_10' title="bbox 86 510 1017 554; baseline 0.002 -10"><span class='ocrx_word' id='word_1_56' title='bbox 86 510 203 544; x_wconf 80' lang='lat' dir='ltr'>Multa</span> <span class='ocrx_word' id='word_1_57' title='bbox 219 511 333 544; x_wconf 90' lang='lat' dir='ltr'>malus</span> <span class='ocrx_word' id='word_1_58' title='bbox 351 510 527 553; x_wconf 85' lang='lat' dir='ltr'>simulans,</span> <span class='ocrx_word' id='word_1_59' title='bbox 545 521 636 544; x_wconf 84' lang='lat' dir='ltr'>vana</span> <span class='ocrx_word' id='word_1_60' title='bbox 653 522 712 554; x_wconf 89' lang='lat' dir='ltr'>spe</span> <span class='ocrx_word' id='word_1_61' title='bbox 729 510 813 544; x_wconf 83' lang='lat' dir='ltr'>lusit</span> <span class='ocrx_word' id='word_1_62' title='bbox 830 516 1017 546; x_wconf 88' lang='lat' dir='ltr'>amantem.</span> 
     </span>
    </p>
   </div>
   <div class='ocr_carea' id='block_1_6' title="bbox 86 556 1013 1785">
    <p class='ocr_par' dir='ltr' id='par_1_6' title="bbox 87 556 934 692">
     <span class='ocr_line' id='line_1_11' title="bbox 87 556 881 600; baseline 0 -10"><span class='ocrx_word' id='word_1_63' title='bbox 87 556 168 600; x_wconf 85' lang='lat' dir='ltr'>Ipsa</span> <span class='ocrx_word' id='word_1_64' title='bbox 185 557 244 590; x_wconf 87' lang='lat' dir='ltr'>sed</span> <span class='ocrx_word' id='word_1_65' title='bbox 260 557 298 589; x_wconf 91' lang='lat' dir='ltr'>in</span> <span class='ocrx_word' id='word_1_66' title='bbox 315 557 441 590; x_wconf 80' lang='lat' dir='ltr'>somnis</span> <span class='ocrx_word' id='word_1_67' title='bbox 458 556 634 589; x_wconf 79' lang='lat' dir='ltr'>inhumati</span> <span class='ocrx_word' id='word_1_68' title='bbox 652 557 748 589; x_wconf 85' lang='lat' dir='ltr'>venit</span> <span class='ocrx_word' id='word_1_69' title='bbox 766 556 881 600; x_wconf 80' lang='lat' dir='ltr'>imago</span> 
     </span>
     <span class='ocr_line' id='line_1_12' title="bbox 87 602 934 646; baseline 0 -10"><span class='ocrx_word' id='word_1_70' title='bbox 87 602 250 646; x_wconf 86' lang='lat' dir='ltr'>Conjugis</span> <span class='ocrx_word' id='word_1_71' title='bbox 266 615 274 644; x_wconf 91' lang='lat'>;</span> <span class='ocrx_word' id='word_1_72' title='bbox 299 614 358 636; x_wconf 89' lang='lat' dir='ltr'>ora</span> <span class='ocrx_word' id='word_1_73' title='bbox 373 602 484 635; x_wconf 87' lang='lat' dir='ltr'>modis</span> <span class='ocrx_word' id='word_1_74' title='bbox 501 602 663 635; x_wconf 84' lang='lat' dir='ltr'>attollens</span> <span class='ocrx_word' id='word_1_75' title='bbox 680 602 812 646; x_wconf 79' lang='lat' dir='ltr'>pallida</span> <span class='ocrx_word' id='word_1_76' title='bbox 828 603 934 646; x_wconf 87' lang='lat' dir='ltr'>miris,</span> 
     </span>
     <span class='ocr_line' id='line_1_13' title="bbox 87 648 836 692; baseline 0.001 -11"><span class='ocrx_word' id='word_1_77' title='bbox 87 648 250 682; x_wconf 80' lang='lat' dir='ltr'>Crudeles</span> <span class='ocrx_word' id='word_1_78' title='bbox 266 659 343 682; x_wconf 87' lang='lat' dir='ltr'>aras</span> <span class='ocrx_word' id='word_1_79' title='bbox 360 650 574 692; x_wconf 86' lang='lat' dir='ltr'>trajeetaque</span> <span class='ocrx_word' id='word_1_80' title='bbox 591 655 730 691; x_wconf 84' lang='lat' dir='ltr'>pectora</span> <span class='ocrx_word' id='word_1_81' title='bbox 745 648 836 682; x_wconf 85' lang='lat' dir='ltr'>ferro</span> 
     </span>
    </p>

    <p class='ocr_par' dir='ltr' id='par_1_7' title="bbox 86 693 1008 1421">
     <span class='ocr_line' id='line_1_14' title="bbox 86 693 1007 738; baseline 0.002 -11"><span class='ocrx_word' id='word_1_82' title='bbox 86 693 120 726; x_wconf 84' lang='grc' dir='ltr'>Ν</span> <span class='ocrx_word' id='word_1_83' title='bbox 121 694 254 738; x_wconf 79' lang='lat' dir='ltr'>udavit,</span> <span class='ocrx_word' id='word_1_84' title='bbox 272 705 470 738; x_wconf 81' lang='lat' dir='ltr'>caecumque</span> <span class='ocrx_word' id='word_1_85' title='bbox 487 694 608 727; x_wconf 88' lang='lat' dir='ltr'>domus</span> <span class='ocrx_word' id='word_1_86' title='bbox 625 694 736 727; x_wconf 78' lang='lat' dir='ltr'>scelus</span> <span class='ocrx_word' id='word_1_87' title='bbox 753 705 853 727; x_wconf 87' lang='lat' dir='ltr'>omne</span> <span class='ocrx_word' id='word_1_88' title='bbox 869 695 1007 729; x_wconf 76' lang='lat' dir='ltr'><strong>retexit.</strong></span> 
     </span>
     <span class='ocr_line' id='line_1_15' title="bbox 87 739 1008 785; baseline 0.002 -13"><span class='ocrx_word' id='word_1_89' title='bbox 87 739 177 772; x_wconf 81' lang='lat' dir='ltr'>Tum</span> <span class='ocrx_word' id='word_1_90' title='bbox 193 740 340 773; x_wconf 87' lang='lat' dir='ltr'>celerare</span> <span class='ocrx_word' id='word_1_91' title='bbox 356 740 478 783; x_wconf 85' lang='lat' dir='ltr'>fugam</span> <span class='ocrx_word' id='word_1_92' title='bbox 494 739 676 783; x_wconf 83' lang='lat' dir='ltr'>patriaque</span> <span class='ocrx_word' id='word_1_93' title='bbox 693 740 858 773; x_wconf 79' lang='lat' dir='ltr'>excedere</span> <span class='ocrx_word' id='word_1_94' title='bbox 876 741 1008 785; x_wconf 82' lang='lat' dir='ltr'>suadet,</span> 
     </span>
     <span class='ocr_line' id='line_1_16' title="bbox 87 785 879 829; baseline 0 -11"><span class='ocrx_word' id='word_1_95' title='bbox 87 785 340 829; x_wconf 81' lang='lat' dir='ltr'>Auxiliumque</span> <span class='ocrx_word' id='word_1_96' title='bbox 357 785 421 818; x_wconf 81' lang='lat' dir='ltr'>viae</span> <span class='ocrx_word' id='word_1_97' title='bbox 439 790 570 821; x_wconf 76' lang='lat' dir='ltr'>veteres</span> <span class='ocrx_word' id='word_1_98' title='bbox 587 785 712 818; x_wconf 85' lang='lat' dir='ltr'>tellure</span> <span class='ocrx_word' id='word_1_99' title='bbox 728 785 879 818; x_wconf 81' lang='lat' dir='ltr'>recludit</span> 
     </span>
     <span class='ocr_line' id='line_1_17' title="bbox 87 830 926 874; baseline 0.001 -10"><span class='ocrx_word' id='word_1_100' title='bbox 87 830 287 874; x_wconf 80' lang='lat' dir='ltr'>Thesauros,</span> <span class='ocrx_word' id='word_1_101' title='bbox 305 831 466 874; x_wconf 78' lang='lat' dir='ltr'>ignotum</span> <span class='ocrx_word' id='word_1_102' title='bbox 482 831 619 874; x_wconf 84' lang='lat' dir='ltr'>argenti</span> <span class='ocrx_word' id='word_1_103' title='bbox 637 831 771 874; x_wconf 88' lang='lat' dir='ltr'>pondus</span> <span class='ocrx_word' id='word_1_104' title='bbox 789 836 824 864; x_wconf 89' lang='lat' dir='ltr'>et</span> <span class='ocrx_word' id='word_1_105' title='bbox 841 832 926 865; x_wconf 85' lang='lat' dir='ltr'>auri.</span> 
     </span>
     <span class='ocr_line' id='line_1_18' title="bbox 87 876 948 920; baseline 0.002 -11"><span class='ocrx_word' id='word_1_106' title='bbox 87 876 153 910; x_wconf 75' lang='lat' dir='ltr'>His</span> <span class='ocrx_word' id='word_1_107' title='bbox 170 881 340 910; x_wconf 85' lang='lat' dir='ltr'>commota</span> <span class='ocrx_word' id='word_1_108' title='bbox 356 877 478 920; x_wconf 82' lang='lat' dir='ltr'>fugam</span> <span class='ocrx_word' id='word_1_109' title='bbox 494 876 585 909; x_wconf 86' lang='lat' dir='ltr'>Dido</span> <span class='ocrx_word' id='word_1_110' title='bbox 602 876 776 920; x_wconf 85' lang='lat' dir='ltr'>sociosque</span> <span class='ocrx_word' id='word_1_111' title='bbox 793 877 948 920; x_wconf 86' lang='lat' dir='ltr'>parabat.</span> 
     </span>
     <span class='ocr_line' id='line_1_19' title="bbox 88 921 986 966; baseline 0.001 -11"><span class='ocrx_word' id='word_1_112' title='bbox 88 922 316 965; x_wconf 84' lang='lat' dir='ltr'>Conveniunt,</span> <span class='ocrx_word' id='word_1_113' title='bbox 335 922 460 966; x_wconf 85' lang='lat' dir='ltr'>quibus</span> <span class='ocrx_word' id='word_1_114' title='bbox 476 926 540 956; x_wconf 87' lang='lat' dir='ltr'>aut</span> <span class='ocrx_word' id='word_1_115' title='bbox 557 921 674 954; x_wconf 81' lang='lat' dir='ltr'>odium</span> <span class='ocrx_word' id='word_1_116' title='bbox 691 922 829 955; x_wconf 89' lang='lat' dir='ltr'>crudele</span> <span class='ocrx_word' id='word_1_117' title='bbox 846 923 986 966; x_wconf 77' lang='lat' dir='ltr'>tyranni</span> 
     </span>
     <span class='ocr_line' id='line_1_20' title="bbox 87 967 995 1013; baseline 0.002 -12"><span class='ocrx_word' id='word_1_118' title='bbox 87 967 160 1001; x_wconf 88' lang='lat' dir='ltr'>Aut</span> <span class='ocrx_word' id='word_1_119' title='bbox 175 972 289 1001; x_wconf 89' lang='lat' dir='ltr'>metus</span> <span class='ocrx_word' id='word_1_120' title='bbox 305 979 384 1001; x_wconf 84' lang='lat' dir='ltr'>acer</span> <span class='ocrx_word' id='word_1_121' title='bbox 400 972 474 1001; x_wconf 89' lang='lat' dir='ltr'>erat</span> <span class='ocrx_word' id='word_1_122' title='bbox 489 980 497 1008; x_wconf 96' lang='lat'>;</span> <span class='ocrx_word' id='word_1_123' title='bbox 522 979 636 1010; x_wconf 86' lang='lat' dir='ltr'>naves,</span> <span class='ocrx_word' id='word_1_124' title='bbox 654 978 732 1012; x_wconf 85' lang='lat' dir='ltr'>quae</span> <span class='ocrx_word' id='word_1_125' title='bbox 748 969 837 1001; x_wconf 87' lang='lat' dir='ltr'>forte</span> <span class='ocrx_word' id='word_1_126' title='bbox 853 974 995 1013; x_wconf 85' lang='lat' dir='ltr'>paratae,</span> 
     </span>
     <span class='ocr_line' id='line_1_21' title="bbox 87 1013 989 1058; baseline 0.003 -12"><span class='ocrx_word' id='word_1_127' title='bbox 87 1013 295 1058; x_wconf 87' lang='lat' dir='ltr'>Corripiunt,</span> <span class='ocrx_word' id='word_1_128' title='bbox 313 1018 526 1058; x_wconf 84' lang='lat' dir='ltr'>onerantque</span> <span class='ocrx_word' id='word_1_129' title='bbox 543 1025 636 1047; x_wconf 90' lang='lat' dir='ltr'>auro.</span> <span class='ocrx_word' id='word_1_130' title='bbox 685 1013 876 1048; x_wconf 76' lang='lat' dir='ltr'>Portantur</span> <span class='ocrx_word' id='word_1_131' title='bbox 892 1016 989 1049; x_wconf 88' lang='lat' dir='ltr'>avari</span> 
     </span>
     <span class='ocr_line' id='line_1_22' title="bbox 88 1058 941 1104; baseline 0.002 -12"><span class='ocrx_word' id='word_1_132' title='bbox 88 1058 324 1103; x_wconf 82' lang='lat' dir='ltr'>Pygmalionis</span> <span class='ocrx_word' id='word_1_133' title='bbox 341 1070 421 1104; x_wconf 89' lang='lat' dir='ltr'>opes</span> <span class='ocrx_word' id='word_1_134' title='bbox 437 1060 584 1103; x_wconf 80' lang='lat' dir='ltr'>pelago,</span> <span class='ocrx_word' id='word_1_135' title='bbox 576 1072 583 1078; x_wconf 91' lang='lat'><strong>·</strong></span> <span class='ocrx_word' id='word_1_136' title='bbox 609 1059 682 1092; x_wconf 83' lang='lat' dir='ltr'>dux</span> <span class='ocrx_word' id='word_1_137' title='bbox 698 1060 829 1093; x_wconf 85' lang='lat' dir='ltr'>femina</span> <span class='ocrx_word' id='word_1_138' title='bbox 846 1061 941 1094; x_wconf 84' lang='lat' dir='ltr'>facti.</span> 
     </span>
     <span class='ocr_line' id='line_1_23' title="bbox 87 1104 880 1148; baseline 0.001 -10"><span class='ocrx_word' id='word_1_139' title='bbox 87 1104 265 1139; x_wconf 83' lang='lat' dir='ltr'>Devenere</span> <span class='ocrx_word' id='word_1_140' title='bbox 281 1105 381 1148; x_wconf 86' lang='lat' dir='ltr'>locos,</span> <span class='ocrx_word' id='word_1_141' title='bbox 398 1105 459 1138; x_wconf 86' lang='lat' dir='ltr'>ubi</span> <span class='ocrx_word' id='word_1_142' title='bbox 476 1117 570 1138; x_wconf 83' lang='lat' dir='ltr'>nune</span> <span class='ocrx_word' id='word_1_143' title='bbox 587 1105 745 1148; x_wconf 85' lang='lat' dir='ltr'>ingentia</span> <span class='ocrx_word' id='word_1_144' title='bbox 763 1117 880 1139; x_wconf 89' lang='lat' dir='ltr'>cernes</span> 
     </span>
     <span class='ocr_line' id='line_1_24' title="bbox 87 1149 994 1197; baseline 0.002 -13"><span class='ocrx_word' id='word_1_145' title='bbox 87 1149 219 1184; x_wconf 86' lang='lat' dir='ltr'>Moenia</span> <span class='ocrx_word' id='word_1_146' title='bbox 236 1155 503 1195; x_wconf 83' lang='lat' dir='ltr'>surgentemque</span> <span class='ocrx_word' id='word_1_147' title='bbox 520 1161 616 1184; x_wconf 84' lang='lat' dir='ltr'>novae</span> <span class='ocrx_word' id='word_1_148' title='bbox 634 1151 853 1195; x_wconf 78' lang='lat' dir='ltr'>Carthaginis</span> <span class='ocrx_word' id='word_1_149' title='bbox 870 1164 994 1197; x_wconf 78' lang='lat' dir='ltr'>arcem,</span> 
     </span>
     <span class='ocr_line' id='line_1_25' title="bbox 88 1179 931 1242; baseline 0.002 -13"><span class='ocrx_word' id='word_1_150' title='bbox 88 1195 302 1240; x_wconf 86' lang='lat' dir='ltr'>Mercatique</span> <span class='ocrx_word' id='word_1_151' title='bbox 320 1197 440 1239; x_wconf 85' lang='lat' dir='ltr'>solum,</span> <span class='ocrx_word' id='word_1_152' title='bbox 457 1197 544 1230; x_wconf 84' lang='lat' dir='ltr'>faeti</span> <span class='ocrx_word' id='word_1_153' title='bbox 560 1196 602 1230; x_wconf 90' lang='lat' dir='ltr'>de</span> <span class='ocrx_word' id='word_1_154' title='bbox 618 1197 758 1230; x_wconf 81' lang='lat' dir='ltr'>nomine</span> <span class='ocrx_word' id='word_1_155' title='bbox 762 1179 931 1242; x_wconf 82' lang='lat' dir='ltr'>Byrsam,</span> 
     </span>
     <span class='ocr_line' id='line_1_26' title="bbox 88 1241 933 1287; baseline 0.004 -13"><span class='ocrx_word' id='word_1_156' title='bbox 88 1241 238 1275; x_wconf 84' lang='lat' dir='ltr'>Taurino</span> <span class='ocrx_word' id='word_1_157' title='bbox 254 1246 425 1286; x_wconf 82' lang='lat' dir='ltr'>quantum</span> <span class='ocrx_word' id='word_1_158' title='bbox 442 1246 580 1286; x_wconf 84' lang='lat' dir='ltr'>possent</span> <span class='ocrx_word' id='word_1_159' title='bbox 597 1243 810 1276; x_wconf 71' lang='lat' dir='ltr'>circumdare</span> <span class='ocrx_word' id='word_1_160' title='bbox 828 1248 933 1287; x_wconf 87' lang='lat' dir='ltr'>tergo.</span> 
     </span>
     <span class='ocr_line' id='line_1_27' title="bbox 89 1287 1013 1333; baseline 0.003 -13"><span class='ocrx_word' id='word_1_161' title='bbox 89 1287 156 1321; x_wconf 89' lang='lat' dir='ltr'>Sed</span> <span class='ocrx_word' id='word_1_162' title='bbox 172 1299 231 1321; x_wconf 85' lang='lat' dir='ltr'>vos</span> <span class='ocrx_word' id='word_1_163' title='bbox 248 1288 308 1331; x_wconf 86' lang='lat' dir='ltr'>qui</span> <span class='ocrx_word' id='word_1_164' title='bbox 324 1288 476 1329; x_wconf 84' lang='lat' dir='ltr'>tandem,</span> <span class='ocrx_word' id='word_1_165' title='bbox 494 1287 618 1331; x_wconf 82' lang='lat' dir='ltr'>quibus</span> <span class='ocrx_word' id='word_1_166' title='bbox 637 1292 700 1321; x_wconf 86' lang='lat' dir='ltr'>aut</span> <span class='ocrx_word' id='word_1_167' title='bbox 716 1289 859 1322; x_wconf 85' lang='lat' dir='ltr'>venistis</span> <span class='ocrx_word' id='word_1_168' title='bbox 876 1289 920 1322; x_wconf 88' lang='lat' dir='ltr'>ab</span> <span class='ocrx_word' id='word_1_169' title='bbox 937 1289 1013 1333; x_wconf 83' lang='lat' dir='ltr'>oris,</span> 
     </span>
     <span class='ocr_line' id='line_1_28' title="bbox 88 1329 900 1373; baseline 0.004 -11"><span class='ocrx_word' id='word_1_170' title='bbox 88 1329 206 1370; x_wconf 83' lang='lat' dir='ltr'>Quove</span> <span class='ocrx_word' id='word_1_171' title='bbox 223 1332 348 1364; x_wconf 87' lang='lat' dir='ltr'>tenetis</span> <span class='ocrx_word' id='word_1_172' title='bbox 365 1331 478 1365; x_wconf 73' lang='lat' dir='ltr'>iter?”</span> <span class='ocrx_word' id='word_1_173' title='bbox 504 1332 680 1373; x_wconf 87' lang='lat' dir='ltr'>Quaerenti</span> <span class='ocrx_word' id='word_1_174' title='bbox 696 1333 823 1366; x_wconf 84' lang='lat' dir='ltr'>talibus</span> <span class='ocrx_word' id='word_1_175' title='bbox 840 1333 900 1366; x_wconf 87' lang='lat' dir='ltr'>ille</span> 
     </span>
     <span class='ocr_line' id='line_1_29' title="bbox 87 1374 944 1430; baseline 0.004 -23"><span class='ocrx_word' id='word_1_176' title='bbox 87 1374 285 1419; x_wconf 84' lang='lat' dir='ltr'>Suspirans,</span> <span class='ocrx_word' id='word_1_177' title='bbox 302 1376 439 1430; x_wconf 78' lang='lat' dir='ltr'>imoque</span> <span class='ocrx_word' id='word_1_178' title='bbox 456 1377 596 1411; x_wconf 87' lang='lat' dir='ltr'>trahens</span> <span class='ocrx_word' id='word_1_179' title='bbox 613 1389 634 1411; x_wconf 90' lang='lat' dir='ltr'>a</span> <span class='ocrx_word' id='word_1_180' title='bbox 649 1382 786 1421; x_wconf 85' lang='lat' dir='ltr'>pectore</span> <span class='ocrx_word' id='word_1_181' title='bbox 802 1389 944 1412; x_wconf 84' lang='lat' dir='ltr'>vocem:</span> 
     </span>
    </p>

    <p class='ocr_par' dir='ltr' id='par_1_8' title="bbox 88 1421 1012 1556">
     <span class='ocr_line' id='line_1_30' title="bbox 139 1421 1012 1467; baseline 0.002 -13"><span class='ocrx_word' id='word_1_182' title='bbox 139 1421 158 1437; x_wconf 89' lang='lat'>“</span> <span class='ocrx_word' id='word_1_183' title='bbox 172 1421 200 1454; x_wconf 91' lang='lat' dir='ltr'>O</span> <span class='ocrx_word' id='word_1_184' title='bbox 217 1421 290 1464; x_wconf 86' lang='lat' dir='ltr'>dea,</span> <span class='ocrx_word' id='word_1_185' title='bbox 308 1422 337 1455; x_wconf 87' lang='lat' dir='ltr'>si</span> <span class='ocrx_word' id='word_1_186' title='bbox 354 1424 465 1466; x_wconf 86' lang='lat' dir='ltr'>prima</span> <span class='ocrx_word' id='word_1_187' title='bbox 481 1428 638 1467; x_wconf 86' lang='lat' dir='ltr'>repetens</span> <span class='ocrx_word' id='word_1_188' title='bbox 655 1423 698 1456; x_wconf 86' lang='lat' dir='ltr'>ab</span> <span class='ocrx_word' id='word_1_189' title='bbox 715 1424 846 1466; x_wconf 82' lang='lat' dir='ltr'>origine</span> <span class='ocrx_word' id='word_1_190' title='bbox 862 1435 1012 1467; x_wconf 84' lang='lat' dir='ltr'>pergam,</span> 
     </span>
     <span class='ocr_line' id='line_1_31' title="bbox 88 1466 939 1509; baseline -0.004 -8"><span class='ocrx_word' id='word_1_191' title='bbox 88 1468 135 1501; x_wconf 90' lang='lat' dir='ltr'>Et</span> <span class='ocrx_word' id='word_1_192' title='bbox 151 1472 252 1501; x_wconf 85' lang='lat' dir='ltr'>vacet</span> <span class='ocrx_word' id='word_1_193' title='bbox 268 1467 409 1501; x_wconf 87' lang='lat' dir='ltr'>annales</span> <span class='ocrx_word' id='word_1_194' title='bbox 425 1471 620 1500; x_wconf 85' lang='lat' dir='ltr'>nostrorum</span> <span class='ocrx_word' id='word_1_195' title='bbox 636 1466 755 1499; x_wconf 77' lang='lat' dir='ltr'>audire</span> <span class='ocrx_word' id='word_1_196' title='bbox 772 1466 939 1509; x_wconf 82' lang='lat' dir='ltr'>laborum,</span> 
     </span>
     <span class='ocr_line' id='line_1_32' title="bbox 88 1511 928 1556; baseline -0.004 -9"><span class='ocrx_word' id='word_1_197' title='bbox 88 1514 181 1547; x_wconf 83' lang='lat' dir='ltr'>Ante</span> <span class='ocrx_word' id='word_1_198' title='bbox 197 1514 289 1547; x_wconf 92' lang='lat' dir='ltr'>diem</span> <span class='ocrx_word' id='word_1_199' title='bbox 306 1513 422 1547; x_wconf 86' lang='lat' dir='ltr'>clauso</span> <span class='ocrx_word' id='word_1_200' title='bbox 439 1515 620 1556; x_wconf 86' lang='lat' dir='ltr'>componet</span> <span class='ocrx_word' id='word_1_201' title='bbox 635 1522 755 1556; x_wconf 85' lang='lat' dir='ltr'>vesper</span> <span class='ocrx_word' id='word_1_202' title='bbox 772 1511 928 1555; x_wconf 88' lang='lat' dir='ltr'>Olympo,</span> 
     </span>
    </p>

    <p class='ocr_par' dir='ltr' id='par_1_9' title="bbox 89 1557 940 1694">
     <span class='ocr_line' id='line_1_33' title="bbox 89 1557 940 1604; baseline -0.002 -12"><span class='ocrx_word' id='word_1_203' title='bbox 89 1559 159 1593; x_wconf 88' lang='lat' dir='ltr'>Nos</span> <span class='ocrx_word' id='word_1_204' title='bbox 177 1559 278 1604; x_wconf 82' lang='lat' dir='ltr'>Troja</span> <span class='ocrx_word' id='word_1_205' title='bbox 293 1559 447 1602; x_wconf 86' lang='lat' dir='ltr'>antiqua,</span> <span class='ocrx_word' id='word_1_206' title='bbox 465 1558 493 1591; x_wconf 90' lang='lat' dir='ltr'>si</span> <span class='ocrx_word' id='word_1_207' title='bbox 510 1561 642 1591; x_wconf 85' lang='lat' dir='ltr'>vestras</span> <span class='ocrx_word' id='word_1_208' title='bbox 658 1557 747 1590; x_wconf 81' lang='lat' dir='ltr'>forte</span> <span class='ocrx_word' id='word_1_209' title='bbox 763 1569 825 1601; x_wconf 89' lang='lat' dir='ltr'>per</span> <span class='ocrx_word' id='word_1_210' title='bbox 841 1568 940 1591; x_wconf 86' lang='lat' dir='ltr'>aures</span> 
     </span>
     <span class='ocr_line' id='line_1_34' title="bbox 90 1604 924 1649; baseline -0.004 -10"><span class='ocrx_word' id='word_1_211' title='bbox 90 1605 199 1649; x_wconf 81' lang='lat' dir='ltr'>Trojae</span> <span class='ocrx_word' id='word_1_212' title='bbox 215 1616 341 1639; x_wconf 89' lang='lat' dir='ltr'>nomen</span> <span class='ocrx_word' id='word_1_213' title='bbox 358 1605 409 1647; x_wconf 87' lang='grc'><strong>111,</strong></span> <span class='ocrx_word' id='word_1_214' title='bbox 427 1604 562 1637; x_wconf 82' lang='lat' dir='ltr'>diversa</span> <span class='ocrx_word' id='word_1_215' title='bbox 578 1614 639 1647; x_wconf 89' lang='lat' dir='ltr'>per</span> <span class='ocrx_word' id='word_1_216' title='bbox 656 1614 791 1647; x_wconf 78' lang='lat' dir='ltr'>aequora</span> <span class='ocrx_word' id='word_1_217' title='bbox 808 1607 924 1636; x_wconf 85' lang='lat' dir='ltr'>vectos</span> 
     </span>
     <span class='ocr_line' id='line_1_35' title="bbox 90 1631 877 1694; baseline -0.004 -10"><span class='ocrx_word' id='word_1_218' title='bbox 90 1650 193 1684; x_wconf 86' lang='lat' dir='ltr'>Forte</span> <span class='ocrx_word' id='word_1_219' title='bbox 210 1662 273 1684; x_wconf 85' lang='lat' dir='ltr'>sua</span> <span class='ocrx_word' id='word_1_220' title='bbox 288 1631 427 1694; x_wconf 84' lang='lat' dir='ltr'>Libycis</span> <span class='ocrx_word' id='word_1_221' title='bbox 443 1653 630 1693; x_wconf 84' lang='lat' dir='ltr'>tempestas</span> <span class='ocrx_word' id='word_1_222' title='bbox 647 1649 785 1693; x_wconf 88' lang='lat' dir='ltr'>appulit</span> <span class='ocrx_word' id='word_1_223' title='bbox 801 1649 877 1682; x_wconf 90' lang='lat' dir='ltr'>oris.</span> 
     </span>
    </p>

    <p class='ocr_par' dir='ltr' id='par_1_10' title="bbox 91 1694 979 1785">
     <span class='ocr_line' id='line_1_36' title="bbox 91 1694 969 1741; baseline -0.003 -11"><span class='ocrx_word' id='word_1_224' title='bbox 91 1696 176 1730; x_wconf 83' lang='lat' dir='ltr'>Sum</span> <span class='ocrx_word' id='word_1_225' title='bbox 193 1696 271 1741; x_wconf 71' lang='lat' dir='ltr'>pius</span> <span class='ocrx_word' id='word_1_226' title='bbox 287 1696 423 1739; x_wconf 83' lang='lat' dir='ltr'>AEneas,</span> <span class='ocrx_word' id='word_1_227' title='bbox 440 1699 556 1739; x_wconf 87' lang='lat' dir='ltr'>raptos</span> <span class='ocrx_word' id='word_1_228' title='bbox 574 1695 635 1738; x_wconf 89' lang='lat' dir='ltr'>qui</span> <span class='ocrx_word' id='word_1_229' title='bbox 652 1706 696 1727; x_wconf 82' lang='lat' dir='ltr'>ex</span> <span class='ocrx_word' id='word_1_230' title='bbox 712 1694 810 1728; x_wconf 89' lang='lat' dir='ltr'>hoste</span> <span class='ocrx_word' id='word_1_231' title='bbox 825 1698 969 1738; x_wconf 82' lang='lat' dir='ltr'>penates</span> 
     </span>
     <span class='ocr_line' id='line_1_37' title="bbox 92 1740 979 1785; baseline -0.002 -9"><span class='ocrx_word' id='word_1_232' title='bbox 92 1742 205 1776; x_wconf 85' lang='lat' dir='ltr'>Classe</span> <span class='ocrx_word' id='word_1_233' title='bbox 221 1744 309 1776; x_wconf 73' lang='lat' dir='ltr'>veho</span> <span class='ocrx_word' id='word_1_234' title='bbox 324 1753 471 1785; x_wconf 85' lang='lat' dir='ltr'>mecum,</span> <span class='ocrx_word' id='word_1_235' title='bbox 488 1741 583 1774; x_wconf 83' lang='lat' dir='ltr'>fama</span> <span class='ocrx_word' id='word_1_236' title='bbox 600 1752 702 1785; x_wconf 86' lang='lat' dir='ltr'>super</span> <span class='ocrx_word' id='word_1_237' title='bbox 718 1740 850 1774; x_wconf 82' lang='lat' dir='ltr'>aethera</span> <span class='ocrx_word' id='word_1_238' title='bbox 866 1743 979 1774; x_wconf 87' lang='lat' dir='ltr'>notus.</span> 
     </span>
    </p>
   </div>
   <div class='ocr_carea' id='block_1_7' title="bbox 1160 79 1204 110">
    <p class='ocr_par' dir='ltr' id='par_1_11' title="bbox 1160 79 1204 110">
     <span class='ocr_line' id='line_1_38' title="bbox 1160 79 1204 110; baseline 0 0"><span class='ocrx_word' id='word_1_239' title='bbox 1160 79 1204 110; x_wconf 82' lang='lat'>99</span> 
     </span>
    </p>
   </div>
   <div class='ocr_carea' id='block_1_8' title="bbox 1136 422 1203 454">
    <p class='ocr_par' dir='ltr' id='par_1_12' title="bbox 1136 422 1203 454">
     <span class='ocr_line' id='line_1_39' title="bbox 1136 422 1203 454; baseline -0.015 0"><span class='ocrx_word' id='word_1_240' title='bbox 1136 422 1203 454; x_wconf 88' lang='grc'>350</span> 
     </span>
    </p>
   </div>
   <div class='ocr_carea' id='block_1_9' title="bbox 1136 879 1202 912">
    <p class='ocr_par' dir='ltr' id='par_1_13' title="bbox 1136 879 1202 912">
     <span class='ocr_line' id='line_1_40' title="bbox 1136 879 1202 912; baseline -0.03 0"><span class='ocrx_word' id='word_1_241' title='bbox 1136 879 1202 912; x_wconf 78' lang='grc'>36)</span> 
     </span>
    </p>
   </div>
   <div class='ocr_carea' id='block_1_10' title="bbox 1129 1335 1196 1367">
    <p class='ocr_par' dir='ltr' id='par_1_14' title="bbox 1129 1335 1196 1367">
     <span class='ocr_line' id='line_1_41' title="bbox 1129 1335 1196 1367; baseline 0 -1"><span class='ocrx_word' id='word_1_242' title='bbox 1129 1335 1196 1367; x_wconf 90' lang='grc'>370</span> 
     </span>
    </p>
   </div>
  </div>
 </body>
</html>
