1345 1927
127 62 195 96 376
436 61 473 96 Ρ.
494 62 697 96 VIRGILII
724 63 938 96 MARONIS

129 128 254 162 Sancte
271 140 357 173 puer
373 141 380 163 :
407 129 470 162 tibi
487 141 638 173 namque
655 130 749 163 canit
767 141 835 163 nou
853 130 981 173 pagina
997 128 1140 173 bellum,

129 173 280 217 Phlegra
298 175 468 218 Giganteo
486 186 602 219 sparsa
619 180 670 208 est
687 187 755 219 quo
773 175 941 218 sanguine
959 174 1072 218 tellus,

128 219 161 252 N
163 231 201 252 ec
219 220 427 254 Centaureos
445 220 611 264 Lapithas
629 221 805 265 compellit
823 221 859 253 in
877 231 972 253 enses
987 233 996 261 ;

129 264 207 298 Urit
225 265 469 299 Erichthonias
487 266 608 300 Oriens
625 278 694 299 non
712 265 850 309 ignibus
867 277 961 299 arces
976 278 984 306 ;

128 309 206 344 Non
224 311 396 355 perfossus
414 311 522 344 Athos
540 323 603 345 nec
621 323 747 355 magno
766 311 906 344 vincula
923 311 1034 345 Ponto

128 356 153 389 J
155 360 242 398 acta,
260 368 334 390 meo
354 362 510 400 quaerent
522 358 597 400 jam
616 369 689 391 sera
707 357 882 390 volumine
899 357 1029 390 famam
1043 369 1053 398 3

126 399 160 434 N
162 413 206 435 on
224 401 471 446 Hellespontus
489 402 634 446 pedibus
651 402 811 446 pulsatus
829 413 1003 446 equorum,

128 447 261 480 Graecia
278 458 385 490 quum
403 448 522 480 timuit
541 449 717 481 venientes
734 448 888 491 undique
906 447 1047 481 Persas:

126 491 249 526 Mollia
267 493 326 526 sed
344 493 441 526 tenui
459 504 656 536 percurrere
674 494 828 526 carmina
845 505 955 536 versu,

128 537 270 571 Viribus
287 543 371 582 apta
389 538 469 580 suis,
487 537 616 572 Phoeho
634 538 731 581 duce,
749 538 867 571 ludere
885 539 1024 581 gaudet.

127 582 174 616 Et
192 587 242 626 tu,
260 588 378 617 sancte
396 594 491 627 puer,
510 583 726 626 venerabilis,
744 588 779 616 et
797 583 861 617 tibi
879 587 988 617 certet

128 628 245 662 Gloria
263 634 471 672 perpetuum
488 628 575 662 lucis
593 640 757 662 mansura
775 640 835 673 per
853 640 965 663 aevum
981 641 990 670 3

127 674 173 707 Et
191 673 255 707 tibi
273 674 351 707 sede
370 674 428 718 pia
445 679 584 708 maneat
602 674 706 717 locus,
724 679 758 708 et
776 674 840 708 tibi
858 685 971 719 sospes

126 719 254 753 Debita
270 719 387 753 felices
405 724 614 753 memoretur
631 720 704 754 vita
721 732 782 764 per
799 731 916 761 annos,

129 765 236 798 Grata
253 765 350 798 bonis
366 765 494 798 lucens.
544 765 610 799 Sed
628 777 688 799 nos
705 765 750 799 ad
768 770 881 810 coepta
897 765 1059 800 feramur.

176 811 305 853 Igneus
318 811 477 844 aetherias
490 812 564 855 jam
582 810 638 845 Sol
657 816 855 855 penetrarat
873 811 909 844 in
926 822 1030 855 arces,

128 855 351 900 Candidaque
368 861 490 890 aurato
509 856 689 900 quatiebat
706 857 840 890 lumina
858 868 972 899 curru,

128 901 287 934 Crinibus
305 906 339 935 et
356 902 460 935 roseis
478 902 636 935 tenebras
656 904 787 936 Aurora
804 902 945 945 fugarat
962 914 968 935 :

128 945 289 991 Propulit
306 952 347 980 ut
364 947 509 981 stabulis
527 947 571 980 ad
589 947 719 992 pabula
735 947 817 981 laeta
834 947 984 991 capellas

120 991 260 1035 Pastor,
279 996 314 1026 et
331 993 457 1026 excelsi
474 993 602 1026 montis
615 994 703 1037 juga
721 1004 855 1026 summa
871 993 1008 1037 petivit,

129 1037 262 1071 Lucida
280 1049 349 1081 qua
366 1038 504 1082 patulos
522 1038 684 1072 velabant
701 1038 860 1082 gramina
877 1038 988 1072 colles.

127 1084 152 1117 J
154 1095 210 1117 am
228 1083 322 1116 silvis
340 1083 522 1127 dumisque
540 1095 637 1127 vagae
650 1085 726 1127 jam
743 1083 892 1117 vallibus
909 1083 1045 1118 abdunt

127 1129 295 1173 Corpora3
316 1130 459 1173 jamque
477 1130 570 1162 omni
588 1129 713 1162 celeres
730 1141 748 1162 e
765 1133 864 1173 parte
881 1134 1048 1173 vagantes

127 1174 279 1218 Scrupea
296 1175 438 1208 desertae
455 1179 644 1219 perrepunt
661 1175 706 1208 ad
723 1186 810 1208 cava
826 1175 931 1219 rupis.

126 1220 330 1253 Tondentur
347 1224 464 1253 tenero
482 1221 672 1254 viridantia
689 1220 847 1264 gramina
863 1231 990 1264 morsu,

127 1265 287 1299 Pendula
303 1266 465 1310 projectis
483 1270 676 1310 carpuntur
693 1270 729 1299 et
745 1265 870 1300 arbuta
886 1266 1001 1310 ramis,

126 1311 311 1355 Densaque
328 1311 492 1355 virgultis
509 1312 610 1345 avide
626 1312 784 1345 labrusca
802 1316 981 1355 petuntur.

127 1356 212 1389 Haec
230 1368 393 1409 suspensa
410 1357 502 1401 rapit
520 1361 682 1401 carpente
699 1357 881 1391 cacumina
897 1368 1013 1391 morsu

128 1402 191 1434 Vel
209 1402 322 1435 salicus
340 1402 454 1444 lentae,
473 1403 527 1435 vel
544 1413 620 1446 quae
638 1414 727 1436 nova
744 1402 899 1436 nascitur
916 1402 1017 1436 alnus
1027 1415 1036 1444 ς

127 1448 211 1480 Haec
230 1453 364 1481 teneras
378 1448 546 1481 fruticum
564 1453 677 1481 sentes
694 1449 861 1488 rimatur3
887 1452 925 1481 at
942 1449 1003 1482 illa

128 1492 291 1526 Imminet
309 1493 346 1526 in
362 1493 428 1526 rivi
447 1494 644 1537 praestantis
661 1494 823 1537 imaginis
840 1494 980 1527 undam.

173 1538 200 1571 Ο
217 1538 307 1572 bona
326 1539 480 1582 pastoriS‚
499 1540 526 1572 si
545 1539 621 1582 quis
639 1550 708 1572 non
726 1539 887 1583 pauperis
904 1551 1008 1572 usum

126 1582 246 1617 Mente
264 1584 359 1627 prius
377 1585 478 1617 docta
492 1584 659 1627 fastidiat,
679 1589 714 1618 et
731 1584 851 1628 probet
870 1584 938 1617 illis

127 1629 252 1662 Omnia
269 1630 417 1662 luxuriae
434 1630 555 1674 pretiis
572 1630 751 1674 incognita
769 1630 869 1672 curis,

127 1674 210 1714 Quae
228 1674 381 1708 lacerant
399 1675 518 1709 avidas
535 1675 675 1709 inimico
693 1680 829 1720 pectore
846 1680 989 1709 mentes.

125 1719 163 1754 Si
179 1731 248 1754 non
265 1720 405 1764 Assyrio
422 1721 554 1754 fuerint
571 1721 622 1754 bis
639 1721 738 1755 lauta
755 1721 874 1764 colore,

1178 301 1244 345 '30

1199 767 1245 799 40

1199 1223 1244 1255 50
