1345 1927
84 40 150 73 102
394 38 433 74 Ρ.
451 38 655 73 VIRGILII
680 37 895 72 MARONIS

82 105 208 149 Ausus,
226 109 262 140 et
278 105 417 140 affiictis
434 106 559 139 melius
577 105 747 139 confidere
763 104 874 138 rebus.

82 150 243 195 Namque
261 152 323 186 sub
340 152 475 196 ingenti
492 152 620 186 lustrat
637 152 721 185 dum
739 150 877 194 singula
894 149 1024 193 templo

83 196 254 242 Reginam
272 199 462 243 opperiens,
479 199 574 241 dum,
593 209 670 242 quae
686 198 828 231 fortuna
845 197 890 229 sit
906 195 994 238 urbi,

82 242 336 289 Artificumque
352 256 477 278 manus
493 245 585 278 inter
602 256 636 277 se
653 254 864 288 operumque
880 241 1032 275 laborem

81 289 244 334 Miratur,
262 291 358 324 videt
376 291 500 324 Iliacas
518 302 560 324 cx
578 289 697 323 ordine
714 300 859 334 pugnas,

82 335 250 380 Bellaque
262 338 336 380 jam
354 337 448 370 fama
465 342 579 370 totum
598 336 741 379 vulgata
758 346 818 379 per
835 334 961 377 orbem,

81 381 234 422 Atridas,
253 383 510 425 Priamumque,
529 387 564 415 et
581 393 711 415 saevum
728 380 893 414 ambobus
911 378 1092 413 Achillem.

80 426 255 469 Constitit,
269 431 304 460 et
321 427 517 470 lacrimans,
531 426 645 468 “Quis
657 428 733 471 jam
750 425 876 467 locus‚’'
892 424 1017 468 inquit,
1036 424 1054 440 “
1063 422 1207 464 Achate,

80 472 168 512 Quae
186 471 282 515 regio
299 472 336 504 in
353 471 453 505 terris
469 472 579 504 nostri
597 482 666 503 non
683 470 787 514 plena
803 469 952 503 laboris?
1003 478 1008 482 ·
1132 471 1200 502 460

80 515 136 549 En
153 516 312 550 Priamus
327 519 333 551 !
377 517 467 551 Sunt
483 516 541 549 hic
557 516 664 550 etiam
681 527 743 549 sua
759 515 903 560 praemia
918 515 1016 548 laudi
1029 527 1040 556 ς

81 560 172 595 Sunt
188 562 339 596 lacrimae
357 574 482 605 rerum,
499 566 534 596 et
551 566 704 595 mentem
720 561 881 594 mortalia
898 564 1061 604 tangunt.

81 606 181 641 Solve
199 613 312 642 metus
326 621 335 650 ;
359 609 448 642 feret
465 608 540 641 haec
558 608 713 652 aliquam
730 607 795 640 tibi
812 607 907 641 fama
924 606 1106 641 salutem.’'

80 651 136 686 Sic
153 654 213 696 ait,
232 658 337 698 atque
353 654 510 688 animum
527 655 665 699 pictura
681 653 793 698 pascit
810 653 917 697 inani,

80 698 196 733 Multa
213 712 362 744 gemens,
379 701 545 744 largoque
562 700 743 733 humectat
759 699 902 732 flumine
919 698 1067 733 vultum.

78 744 239 790 Namque
256 746 406 789 videbat,
423 747 478 780 uti
495 746 664 781 bellantes
682 746 851 790 Pergama
868 745 999 778 circmn

79 790 156 825 Hac
173 793 336 836 fugerent
354 793 457 836 Graii,
474 797 646 837 premeret
663 793 812 836 Trojana
823 793 1013 835 juventus3

79 836 156 871 Hac
174 838 329 882 Phryges
345 851 352 880 ;
378 839 525 872 instaret
542 850 647 872 curru
664 839 829 872 cristatus
848 837 1011 871 Achilles.

77 882 150 917 Nec
167 885 288 928 procul
305 885 386 918 hinc
405 885 510 918 Rhesi
526 885 636 919 niveis
653 885 804 918 tentoria
821 884 906 917 velis

77 928 245 973 Agnoscit
262 931 455 974 lacrimans,
473 932 584 976 primo
602 942 679 975 quae
696 930 834 975 prodita
851 941 968 963 somno
1129 929 1197 963 470

77 974 226 1019 Tydides
243 977 356 1011 multa
373 978 533 1012 vastabat
550 977 642 1010 caede
660 980 834 1020 cruentus,

76 1021 317 1067 Ardentesque
334 1024 461 1057 avertit
478 1035 581 1068 equos
598 1024 635 1056 in
652 1028 774 1065 castra,
793 1023 889 1067 prius
907 1033 1012 1066 quam

76 1066 211 1103 Pabula
228 1074 427 1113 gustassent
445 1070 554 1114 Trojae
572 1069 823 1113 Xanthrunque
841 1068 1017 1102 bibissent.

77 1113 180 1148 Parte
196 1115 266 1149 alia
282 1116 419 1159 fugiens
437 1116 570 1150 amissis
587 1115 724 1149 Troilus
741 1115 856 1158 armis,

77 1159 206 1194 Infelix
225 1174 320 1206 puer,
337 1167 444 1205 atque
461 1163 574 1206 impar
591 1172 793 1205 congressus
810 1160 952 1203 Achilli,

77 1205 200 1240 Fertur
217 1209 322 1252 equiS‚
341 1220 513 1252 curruque
531 1208 639 1241 haeret
655 1207 839 1252 resupinus
857 1207 964 1250 inani,

78 1252 163 1286 Lora
181 1258 301 1287 tenens
319 1258 436 1287 tamen
452 1266 458 1287 :
484 1254 567 1287 huic
585 1253 769 1296 cervixque
788 1264 963 1296 comaeque
980 1252 1172 1286 trahuntur

76 1297 141 1331 Per
158 1304 294 1342 terram,
313 1305 348 1334 et
366 1312 463 1334 versa
480 1300 595 1344 pulvis
612 1299 814 1333 inscribitur
830 1299 940 1332 hasta.

74 1344 214 1379 Interea
230 1347 274 1380 ad
292 1346 464 1391 templum
482 1358 550 1379 non
569 1357 676 1390 aequae
695 1345 848 1378 Palladis
865 1344 964 1378 ibant

74 1390 233 1425 Crinibus
253 1393 380 1426 Iliades
397 1393 514 1436 passis.
533 1393 744 1436 peplumque
760 1391 919 1425 ferebant
1125 1391 1194 1423 480

72 1435 285 1482 Suppliciter
302 1439 418 1472 tristes
437 1443 471 1472 et
488 1443 601 1472 tunsae
619 1442 759 1482 pectora
775 1437 900 1482 palmis
915 1449 923 1478 ;

71 1481 164 1517 Diva
181 1484 251 1517 solo
268 1484 355 1517 fixos
373 1484 488 1518 oculos
505 1496 625 1518 aversa
642 1483 791 1517 tenebat.

71 1527 138 1562 Ter
154 1530 286 1563 circum
306 1530 430 1564 Iliacos
446 1535 649 1575 raptaverat
666 1530 820 1563 Hectora
836 1540 960 1571 muros,

70 1573 354 1620 Exanimumque
371 1588 454 1610 auro
472 1588 594 1620 corpus
611 1576 784 1610 vendebat
799 1575 958 1609 Achilles.

70 1619 161 1653 Tum
178 1634 257 1655 vero
274 1623 453 1666 ingentem
469 1623 641 1667 gemitum
659 1623 720 1655 dat
737 1626 873 1667 pectore
890 1621 934 1654 ab
950 1621 1029 1663 imo,

71 1665 120 1699 Ut
137 1668 256 1711 spolia,
273 1673 314 1702 ut
331 1680 462 1712 currus,
479 1673 589 1712 utque
607 1669 721 1713 ipsum
738 1679 860 1712 corpus
877 1667 990 1709 amici,

69 1711 352 1759 Tendentemque
369 1726 494 1749 manus
511 1715 691 1749 Priamum
708 1714 888 1759 conspexit
906 1713 1062 1746 inermes.
