1345 1927
96 75 162 106 156
405 71 443 105 P.
461 70 665 105 VIRGILII
690 68 859 104 MARON
863 68 905 103 IS

95 138 160 172 Vel
179 138 284 172 Pater
300 138 518 182 omnipotens
536 138 656 181 adigat
673 148 728 170 me
744 136 893 169 fulmine
910 134 954 168 ad
971 133 1121 177 umbras,

95 184 272 218 Pallentes
288 184 428 218 umbras
445 183 548 217 Erebi
565 188 770 226 noctemque
788 180 1008 226 profundam7

96 230 199 273 Ante,
217 229 342 273 Pudor,
361 241 467 273 quam
484 234 519 263 te
535 229 635 271 violo,
653 232 715 262 aut
732 233 795 261 tua
806 228 889 271 jura
904 225 1046 260 resolvo.

97 275 163 309 Ille
179 287 281 318 meos,
299 276 431 319 primus
449 276 508 320 qui
526 286 581 308 me
599 256 663 307 sibi
675 274 807 317 junxit,
825 283 956 306 amores

102 318 281 359 Abstulit3
307 319 364 351 ille
382 318 448 350 hab
451 321 507 350 eat
524 328 639 350 secum
657 320 836 359 scrvetque
853 313 1042 359 sepulcro?

101 364 158 397 Sic
176 364 281 398 effata
298 365 409 397 sinum
429 362 579 395 lacrimis
597 361 754 405 implevit
772 360 908 393 obortis.
1171 359 1216 392 30

146 410 250 443 Anna
266 410 393 443 refert·
387 437 393 442 .
419 408 477 435 “0
497 408 572 440 luce
589 407 700 449 magis
718 407 843 439 dilecta
863 405 977 448 sorori,

97 449 222 484 Solane
240 455 410 495 perpetua
426 462 572 483 maerens
589 461 729 494 carpere
741 452 892 493 juventa
906 450 918 484 2

98 496 130 528 N
133 507 171 529 ec
188 496 307 529 dulces
324 501 433 538 nato&
453 496 596 529 Veneris
613 507 676 529 nec
693 496 837 539 praemia
853 496 946 529 noris
960 495 973 529 ’1

99 541 141 574 Id
159 542 310 575 cinerem
327 546 390 574 aut
407 553 525 574 manes
543 542 654 574 credis
672 553 793 575 curare
810 542 962 594 sepultos
976 541 990 576 7

98 587 203 620 Esto:
230 598 358 631 aegram
374 587 464 620 nulli
483 587 657 630 quondam
674 587 799 620 flexere
816 588 944 629 mariti,

98 632 178 666 Non
196 632 323 676 Libyae,
341 644 410 665 non
428 637 510 666 ante
527 632 642 676 Tyr03
667 633 849 684 despectus
867 632 996 676 Iarbas,

99 678 339 722 Ductoresque
356 678 426 721 alii,
445 689 529 722 quos
547 678 667 712 Africa
683 682 776 712 terra
793 678 982 722 triumphis

100 724 207 758 Dives
224 724 309 758 alit:
335 724 510 769 placitone
527 724 634 757 etiam
651 723 824 768 pugnabis
842 724 977 758 amori?

100 770 173 804 Nec
189 771 286 803 venit
302 770 341 803 in
357 775 520 811 mentem,
539 781 686 813 quorum
703 769 895 803 consederis
911 769 1029 804 arvis?

102 815 197 849 Hinc
217 816 362 849 Gaetulae
380 815 492 858 urbes⁷
509 827 619 858 genus
636 815 870 859 insuperabile
888 815 988 859 bello,
1179 816 1226 848 40

101 861 149 895 Et
166 862 328 895 Numidae
345 861 473 894 infreni
491 862 649 905 cingunt,
667 866 702 894 et
718 861 895 905 inhospita
912 861 1024 906 Syrtis
1038 874 1047 903 ;

103 907 198 941 Hinc
216 907 352 941 deserta
369 908 428 940 siti
444 907 549 951 regio,
567 907 707 951 lateque
723 908 879 941 furentes

102 953 244 987 Barcaei
295 953 386 994 Quid
403 953 495 986 bella
512 953 602 997 Tyro
619 953 798 997 surgentia
815 953 930 987 dicam

105 999 337 1043 Germanique
353 1000 466 1032 minas
480 999 492 1032 2

103 1044 167 1078 Dis
184 1045 345 1089 equidem
362 1044 560 1089 auspicibus
576 1056 652 1078 reor
668 1050 703 1078 et
720 1044 745 1078 J
747 1055 862 1078 unone
880 1044 1032 1078 secunda

105 1090 212 1124 Hunc
229 1103 369 1124 cursum
387 1091 511 1124 Iliacas
528 1095 632 1124 vento
650 1091 801 1124 tenuisse
819 1091 962 1124 carinas.

106 1136 219 1178 Quam
235 1141 278 1170 tu
293 1137 424 1177 urbem⁷
442 1148 543 1179 soror,
561 1137 651 1169 hanc
668 1148 795 1175 cernes
814 1147 891 1180 quae
908 1147 1048 1181 surgere
1065 1147 1174 1180 regna

107 1182 276 1226 Conjugio
293 1182 380 1218 tali.
374 1186 380 1207 ¹
408 1183 580 1216 Teucrum
598 1182 845 1215 comitantibus
862 1183 977 1226 armis,

107 1228 241 1261 Punica
259 1239 294 1262 se
312 1229 452 1272 quantis
470 1228 609 1261 attollet
625 1227 737 1271 gloria
752 1227 876 1260 rebus.
870 1229 876 1251 ¹

107 1274 161 1307 Tu
177 1274 278 1307 modo
295 1285 396 1318 posce
413 1274 493 1307 deos
510 1274 658 1316 veniam,
677 1273 850 1318 sacrisque
866 1273 978 1307 litatis
1185 1274 1230 1307 50

108 1320 260 1364 Indulge
277 1320 437 1364 hospitio,
455 1331 645 1364 causasque
661 1319 801 1353 innecte
818 1319 999 1361 morandi;

107 1365 204 1399 Dum
221 1366 345 1410 pelago
363 1366 507 1399 desaevit
524 1365 635 1399 hiems
651 1370 687 1398 et
703 1376 852 1409 aquosus
870 1365 986 1408 Orion,

110 1411 359 1456 Quassataeque
375 1417 476 1454 rates,
494 1412 579 1445 dum
595 1423 665 1444 non
682 1411 866 1444 tractabile
883 1391 1042 1445 coelmnf’

110 1457 177 1491 His
194 1458 323 1491 dictis'
314 1469 495 1491 incensum
513 1458 670 1491 animum
687 1457 918 1491 inflammavit
934 1467 1060 1500 amore,

109 1502 283 1548 Spemque
301 1503 398 1537 dedit
415 1503 527 1537 dubiae
543 1503 664 1546 menti,
682 1503 854 1547 solvitque
870 1502 1046 1548 pudorem.

157 1549 334 1593 Principio
352 1549 496 1583 delubra
512 1550 654 1592 adeunt,
671 1560 861 1593 pacemque
878 1560 939 1593 per
955 1559 1032 1582 aras

110 1594 165 1628 Ex
169 1595 334 1638 quirunt.
360 1600 518 1629 mactant
535 1596 642 1629 lectas
659 1595 702 1628 de
718 1607 812 1629 more
828 1595 986 1628 bidentes

111 1640 280 1684 Legiferae
297 1641 420 1685 Cereri,
438 1641 646 1685 Phoeboque,
663 1642 824 1685 patrique
840 1640 968 1685 Lyae03

112 1686 137 1720 J
139 1698 248 1719 unom
264 1691 346 1721 ante
363 1699 490 1730 omnes,
508 1687 565 1721 cui
582 1687 698 1721 vincla
709 1687 847 1731 jugalia
862 1698 964 1720 curae.

113 1731 205 1776 Ipsa,
223 1736 346 1767 tenens
364 1733 489 1768 dextra
505 1737 673 1778 pateram,
690 1733 925 1778 pulcherrima
941 1731 1033 1766 Dido
1189 1733 1234 1765 60
