1345 1927
89 60 154 92 152
393 59 430 93 P.
450 59 655 94 VIRGILII
681 59 896 94 MARONIS

87 125 293 169 Fundimur,
312 130 347 160 et
365 126 433 160 telo
450 126 570 160 lumen
588 127 800 160 terebramus
817 130 921 160 acuto

88 171 230 215 Ingens,
249 172 341 215 quod
360 176 458 206 torva
475 173 586 206 solum
604 173 667 206 sub
684 173 799 206 fronte
815 172 957 215 latebat,

86 218 242 261 Argolici
260 218 361 261 clipei
378 223 442 252 aut
460 218 618 252 Phoebeae
636 219 806 262 lampadis
824 219 944 262 instar,

88 263 135 296 Et
153 263 294 297 tandem
312 264 384 297 laeti
402 264 572 297 sociorum
589 264 791 297 ulciscimur
807 264 956 297 umbras.

88 308 156 342 Sed
172 309 294 352 fugite,
313 322 331 342 o
349 310 474 353 miseri,
492 310 616 354 fugite,
635 314 740 354 atque
757 310 800 343 ab
817 310 919 343 litore
935 310 1058 344 funem

89 354 266 399 Rumpite.
1143 356 1212 389 640

87 400 189 444 Nam,
207 400 320 444 qualis
339 404 560 444 quantusque
577 413 661 435 cavo
679 401 941 445 Polyphemus
931 413 968 434 1n
985 404 1086 435 antro

89 445 277 490 Lanigeras
295 446 428 479 claudit
445 447 602 490 pecudes,
621 451 727 491 atque
745 447 851 480 ubera
868 451 1011 491 pressat,

89 492 239 525 Centum
256 492 317 524 alii
334 503 442 525 curva
459 493 533 525 haec
550 493 659 525 habit
660 498 713 525 int
730 493 774 525 ad
792 493 895 526 litora
911 493 1018 537 vulgo

89 537 232 571 Infandi
250 537 425 581 Cyclopes,
443 542 478 571 et
495 538 576 571 altis
593 538 770 571 montibus
787 542 914 573 errant.

89 583 206 616 Tertia
218 584 294 626 jam
311 583 419 616 Lunae
437 594 472 616 se
489 594 618 616 cornua
634 583 767 617 lumine
784 584 969 628 complent,

90 629 207 670 Quum
224 629 334 661 vitam
352 629 389 661 in
407 629 512 671 silvis,
529 629 622 662 inter
639 629 774 662 deserta
789 630 944 662 ferarum

90 674 217 708 Lustra
234 674 421 718 domosque
438 675 549 718 traho,
563 679 746 719 vastosque
763 675 807 708 ab
823 687 910 720 rupe
928 675 1095 720 Cyclopas

89 720 276 764 Prospicio‚
293 720 514 764 sonitumque
532 721 661 765 pedum
678 732 865 765 vocemque
883 722 1053 756 tremisco.

90 766 234 799 Victum
251 766 436 807 infelicem,
454 767 576 800 baccas
594 767 821 810 lapidosaque
838 778 950 810 corna,

89 812 187 845 Dant
203 812 301 853 rami,
319 816 354 845 et
372 812 479 845 vulsis
497 817 647 856 pascunt
664 813 839 846 radicibus
857 813 982 846 herbae.
1147 815 1214 847 650

91 857 217 891 Omnia
235 857 451 900 collustrans,
466 858 556 891 hanc
573 859 727 902 primum
743 859 788 892 ad
806 859 909 892 litora
926 859 1070 892 classem

91 903 263 947 Conspcxi
281 903 488 937 venientem.
530 904 623 936 Huic
640 916 705 946 me,
723 916 952 948 quaecumque
968 904 1101 948 fuisset,

92 949 241 982 Addixi:
268 949 351 981 satis
369 955 420 982 est
437 954 578 992 gentem
595 950 756 992 effugisse
773 950 970 984 nefandam.

93 996 161 1029 Vos
179 995 332 1028 animam
350 993 439 1027 hanc
457 995 572 1038 potius
589 1007 807 1039 quocumque
824 995 995 1028 absumite
1012 994 1106 1028 leto.’

138 1043 156 1058 ‘⁶
169 1041 238 1073 Vix
257 1051 296 1073 ea
313 1040 407 1073 fatus
424 1043 498 1073 erat
513 1052 521 1080 ;
547 1052 679 1074 summo
698 1053 806 1084 quum
822 1045 942 1074 moute
958 1040 1117 1073 videmus

92 1089 213 1132 Ipsum
230 1089 322 1121 inter
339 1088 488 1132 pecudes
506 1092 604 1122 vasta
622 1100 656 1121 se
673 1088 763 1121 mole
780 1092 978 1121 moventem

91 1134 271 1168 Pastorem
288 1134 552 1178 Polyphemum,
570 1138 604 1167 et
622 1134 725 1167 litora
742 1137 825 1167 nota
843 1138 1078 1178 petentem,—

91 1180 291 1214 Monstrum
315 1179 536 1222 horrendum,
554 1179 710 1223 informe,
727 1179 861 1223 ingens,
879 1179 935 1212 cui
959 1179 1078 1212 lumen
1100 1178 1217 1213 adem·-

276 1229 363 1259 tum.

92 1273 231 1305 Trunca
247 1283 356 1304 manu
374 1271 477 1315 pinus
494 1271 586 1314 regit
603 1274 638 1304 et
656 1270 805 1315 vestigia
821 1270 946 1304 firmat.

92 1318 270 1361 Lanigerae
289 1317 504 1351 comitantur
520 1328 599 1350 oves
614 1329 623 1358 ;
648 1328 689 1350 ea
702 1317 774 1350 sola
790 1316 963 1361 voluptas,
1151 1317 1218 1350 660

92 1363 321 1407 Solamenque
338 1363 431 1396 mali.

94 1410 284 1453 Postquam
301 1409 388 1442 altos
405 1408 524 1452 tetigit
540 1409 679 1451 fluctus,
693 1412 729 1442 et
745 1408 790 1442 ad
808 1420 945 1452 aequora
962 1407 1069 1450 venit,

93 1455 251 1489 Luminis
269 1455 381 1488 effossi
397 1454 547 1488 fluidum
564 1455 653 1488 lavit
669 1455 751 1488 inde
769 1465 934 1497 cruorem,

93 1501 266 1534 Dentibus
283 1500 485 1534 infrendens
502 1501 637 1544 gemitu
653 1514 660 1541 3
683 1500 913 1544 graditurque
930 1511 992 1544 per
1008 1509 1126 1543 aequor

94 1547 120 1581 J
122 1559 179 1580 am
196 1547 362 1589 medium,
379 1547 530 1579 necdum
546 1546 676 1580 fluctus
694 1547 805 1580 latera
822 1546 932 1579 ardua
947 1545 1066 1579 tinxit.

93 1592 165 1626 Nos
182 1592 303 1636 procul
320 1592 401 1625 inde
418 1593 541 1636 fugam
561 1593 689 1636 trepidi
707 1592 866 1633 celerare,
883 1595 1023 1635 recepto

94 1637 260 1682 Supplice
279 1638 327 1671 sic
343 1639 477 1681 merito,
494 1638 663 1682 tacitique
680 1638 833 1671 incidere
849 1638 990 1678 funem3

96 1684 276 1717 Verrimus
293 1688 328 1717 et
346 1684 445 1728 proni
463 1684 679 1717 certantibus
697 1695 834 1728 aequora
851 1683 963 1717 remis.

96 1729 221 1774 Sensit,
239 1734 274 1764 et
291 1730 335 1764 ad
354 1730 507 1764 sonitum
524 1730 616 1764 vocis
633 1730 781 1774 vestigia
798 1729 906 1763 torsit.
