1320 1932
387 73 607 108 AENEIDOS
633 74 721 107 LIB.
749 73 830 107 XII.
1100 77 1164 108 351

51 143 100 176 Ut
117 145 293 186 sceptrum
310 141 374 175 hoc
393 142 533 185 (dextra
550 146 725 186 sceptrum
743 153 825 175 nam
841 142 931 175 ferte
948 142 1105 186 gerebat)

50 188 241 232 Nunquam
257 188 379 221 fronde
396 188 464 220 levi
480 188 605 221 fundet
624 187 777 231 virgulta
794 199 905 232 neque
922 188 1072 231 umbras,

53 234 169 275 Quum
186 233 287 266 semel
306 234 344 266 in
361 234 454 266 silvis
472 233 539 266 imo
557 233 599 266 de
617 234 722 277 stirpe
739 234 888 267 recisum

52 279 167 313 Matre
183 283 286 321 caret,
304 279 487 323 posuitque
504 290 617 312 comas
635 283 670 312 et
687 279 827 312 brachia,
843 279 933 312 ferro
948 291 957 320 ;

54 325 146 358 Olim
162 325 402 358 arbos—nunc
418 325 561 358 artificis
578 336 701 358 manus
719 336 785 358 aere
802 325 924 358 decoro
1102 327 1169 358 210

54 370 211 413 Inclusit,
230 370 454 414 patribusque
470 370 566 403 dedit
583 375 718 414 gestare
735 371 896 404 Latinis.”

54 416 195 450 Talibus
212 416 304 449 inter
320 427 355 449 se
371 416 557 449 firmabant
573 417 703 450 foedera
720 417 832 459 dictis,

55 462 246 506 Conspectu
264 462 301 494 in
317 462 431 494 medio
448 473 636 506 procerum.
685 462 773 495 Tum
791 463 856 495 rite
874 466 1026 496 sacratas

57 508 99 541 In
115 507 291 540 flammam
303 507 472 551 jugulant
488 508 647 551 pecudeS,
664 512 699 541 et
717 509 847 541 viscera
864 509 952 541 vivis

55 553 229 597 Eripiunt,
247 553 497 596 cumulantque
514 554 664 587 oneratis
681 553 838 587 lancibus
857 565 942 588 aras.

102 599 150 632 At
167 610 247 632 vero
266 599 407 632 Rutulis
425 600 537 643 impar
554 611 594 632 ea
611 611 730 643 pugna
747 600 858 633 videri

55 644 285 687 Jamdudum,
303 649 339 678 et
356 645 450 678 vario
467 645 602 678 misceri
620 650 760 689 pectora
776 651 873 678 motu
889 658 897 685 ;

56 690 145 724 Tum
161 690 282 733 magis,
300 695 341 723 ut
358 691 498 734 propius
516 695 663 724 cernunt
680 703 748 724 non
766 691 898 724 viribus
915 691 1030 735 aequis.

57 736 213 780 Adjuvat
229 736 362 769 incessu
382 737 488 769 tacito
505 748 703 781 progressus
721 742 755 770 et
772 749 868 770 aram

57 781 268 826 Suppliciter
285 793 451 815 venerans
469 782 614 815 demisso
631 782 763 816 lumine
780 783 927 825 Turnus,
1098 785 1174 816 *220

58 827 296 871 Tabentesque
312 839 419 871 genae,
437 832 472 861 et
483 828 641 871 juvenali
658 828 695 860 in
713 839 850 872 corpore
868 829 986 873 pallor.

59 873 170 914 Quem
188 873 291 906 simul
308 884 347 906 ac
365 874 390 907 J
392 878 523 907 uturna
540 885 632 906 soror
649 873 858 907 crebrescere
876 875 967 908 vidit

59 918 268 960 Sermonem,
285 923 320 952 et
337 919 435 963 vulgi
451 919 586 952 variare
603 919 758 953 labantia
775 920 898 954 corda:

60 964 104 998 In
121 964 252 998 medias
269 965 368 1008 acies,
386 966 532 998 formam
549 966 752 999 assimulata
770 966 967 999 Camerti—-

59 1009 123 1044 Cui
139 1022 248 1054 genus
265 1022 286 1044 a
302 1011 438 1054 proavis
454 1011 587 1054 ingens,
605 1011 805 1055 clarumque
822 1017 977 1056 paternae

58 1056 194 1089 Nomen
211 1060 284 1089 erat
302 1057 452 1099 virtutis,
471 1063 506 1090 et
523 1057 596 1101 ipse
613 1057 800 1090 acerrimus
818 1058 969 1091 armis—-

61 1102 103 1135 In
120 1102 251 1135 medias
268 1102 329 1135 dat
346 1114 417 1135 sese
433 1103 533 1146 acies,
551 1103 646 1136 haud
663 1103 779 1136 nescia
794 1115 921 1147 rerum,

61 1147 296 1191 Rumoresque
310 1148 392 1193 serit
409 1149 530 1190 varios
547 1160 587 1182 ac
606 1149 690 1182 talia
706 1149 823 1182 fatur:

64 1195 82 1211 “
99 1194 177 1226 Non
193 1194 312 1237 pudet,
330 1206 348 1227 o
371 1194 500 1230 Rutuli
518 1204 579 1237 pro
597 1193 730 1226 cunctis
748 1193 877 1227 talibus
895 1206 1000 1227 unam

61 1238 242 1282 Objectare
259 1238 412 1271 animam
426 1237 439 1271 ’ἔ
463 1249 663 1281 numerone‚
681 1249 726 1271 an
743 1238 873 1271 viribus
892 1238 983 1282 aequi
1110 1240 1177 1272 230

60 1283 93 1316 N
95 1295 139 1316 on
156 1295 275 1316 sumus
289 1283 301 1316 2
327 1283 391 1326 En,
408 1295 524 1317 omnes
542 1288 577 1317 et
594 1284 708 1325 Troes,
726 1288 760 1316 et
778 1284 938 1327 Arcades,
956 1284 994 1317 hi
1011 1289 1103 1327 sunt,

61 1329 104 1374 [F
107 1329 277 1373 atalisque
293 1340 427 1372 manus,
444 1329 581 1362 infensa
597 1329 739 1362 Etruria
755 1329 898 1374 Turno]

63 1375 132 1408 Vix
150 1374 294 1417 hostem,
311 1375 437 1408 alterni
455 1375 484 1408 si
501 1375 772 1418 congrediamur,
790 1374 966 1409 habemus

62 1420 127 1454 Ille
144 1421 286 1464 quidem
303 1420 347 1454 ad
365 1432 513 1464 superos,
532 1432 678 1464 quorum
696 1432 731 1453 se
748 1421 894 1454 devovet
911 1422 988 1464 aris,

63 1466 231 1500 suecedet
247 1466 350 1508 fama,
368 1466 538 1509 vivusque
555 1477 616 1510 per
633 1477 692 1499 ora
708 1466 860 1500 feretur:

62 1512 143 1555 Nos,
161 1512 275 1556 patria
291 1512 425 1555 amissa,
443 1512 590 1545 dominis
607 1523 726 1555 parere
744 1512 905 1567 supelbis

64 1557 242 1601 Cogemur‚
260 1558 321 1602 qui
338 1569 431 1591 nunc
448 1557 535 1590 lenti
553 1558 769 1591 consedimus
786 1569 847 1590 arv
851 1558 887 1591 is.

64 1603 231 1636 Talibus
221 1615 361 1636 lncensa
378 1608 429 1636 est
441 1605 614 1648 juvenum
631 1603 804 1636 sententia
821 1603 923 1637 dictis

64 1649 90 1683 J
92 1660 147 1682 am
163 1649 274 1693 magis
291 1653 398 1692 atque
414 1649 525 1693 magis
540 1662 548 1690 ;
573 1649 748 1694 serpitque
765 1660 826 1693 per
843 1650 983 1694 agmina
1000 1660 1165 1684 murmur.

67 1695 138 1739 Ipsi
157 1695 346 1728 Laurentes
363 1696 502 1738 mutati,
519 1695 655 1739 ipsique
671 1695 789 1728 Latini
803 1707 810 1729 t
1115 1699 1181 1729 240

66 1740 134 1782 Qui
151 1740 215 1774 sibi
227 1741 303 1784 jam
319 1741 473 1786 requiem
489 1752 617 1785 pugnae
633 1741 805 1785 rebusque
823 1741 972 1775 salutem
