1345 1927
415 81 681 116 GEORGICON
706 82 793 115 LIB.
820 82 848 117 Ι.
1148 84 1192 116 37

70 150 238 185 Certatim
252 150 366 193 largos
382 149 536 182 humeris
552 149 738 182 infundere
755 160 857 191 rores,

68 195 103 229 N
104 208 173 230 unc
189 200 296 240 caput
312 196 482 239 objectare
499 195 608 238 fretis,
622 206 716 227 nunc
734 206 870 228 currere
887 194 925 227 in
942 194 1064 238 undas,

68 241 116 275 Et
133 242 248 275 studio
264 242 438 274 incassum
455 241 572 273 videas
590 241 717 284 gestire
733 240 885 274 lavandi.

68 287 159 320 Tum
176 287 296 320 cornix
312 287 416 331 plena
432 286 588 330 pluviam
605 291 707 319 vocat
723 286 881 330 improba
899 297 991 329 voce,

67 332 115 366 Et
131 333 204 366 sola
220 333 258 365 in
276 333 367 366 sicca
385 343 501 365 secum
519 332 691 376 spatiatur
708 343 820 365 arena.

67 377 121 411 Ne
137 382 310 412 nocturna
326 378 467 422 quidem
485 382 664 422 carpentes
682 389 789 422 pensa
806 377 932 422 puellae
1123 380 1207 417 390Ἴ

67 423 102 457 N
103 424 251 457 escivere
268 424 428 467 hiemem,
446 428 536 457 testa
554 435 662 467 quum
679 424 823 457 ardente
839 423 998 457 viderent

67 469 267 503 Scintillare
283 470 398 503 oleum
415 474 450 502 et
466 474 585 514 putres
603 481 818 502 concrescere
835 469 970 513 fungos,

113 515 148 548 N
149 526 187 548 ec
203 516 319 548 minus
336 527 379 549 ex
395 515 496 548 imbri
516 515 601 548 soles
619 520 654 548 et
671 520 792 559 aperta
810 526 930 548 serena

67 559 266 605 Prospicere
283 567 318 594 et
335 562 436 594 certis
453 561 580 605 poteris
599 572 800 604 cognoscere
818 561 925 604 signis
940 573 947 594 ε

66 606 159 641 Nam
174 618 287 651 neque
303 612 380 640 tum
398 607 506 640 stellis
524 607 613 640 acies
632 607 755 640 obtusa
771 607 921 650 videtur,

66 651 101 686 N
102 664 139 686 ec
155 653 274 686 fratris
290 653 397 686 radiis
415 653 563 686 obnoxia
581 664 721 696 surgere
738 653 847 695 Luna,

66 697 201 732 'sennia
217 710 281 731 nec
297 699 387 732 lanae
405 710 466 742 per
483 699 608 732 coelum
625 698 753 731 vellera
770 699 872 739 ferri3

66 743 146 777 Non
163 744 321 788 tepidum
339 745 383 777 ad
401 744 505 777 solem
522 755 653 788 pennas
670 744 707 776 in
725 744 825 777 litore
842 744 1006 787 pandunt

65 788 212 823 Dilectae
228 790 367 823 Thetidi
385 789 545 833 alcyones
559 802 567 830 3
592 801 661 822 non
680 800 735 822 ore
753 789 882 822 solutos

68 834 245 868 Immundi
262 835 448 868 meminere
466 846 542 868 sues
555 836 688 879 jactare
705 835 895 879 maniplos:
1120 838 1190 869 400

66 881 115 914 At
131 881 266 914 nebulae
281 881 392 924 magis
409 881 480 914 ima
496 885 622 925 petunt
639 892 829 925 campoque
845 881 1055 915 recumbunt
1070 894 1078 923 ;

67 926 154 960 Solis
171 930 207 960 et
223 938 382 960 occasum
399 938 538 960 servans
556 927 598 960 de
615 926 767 960 culmine
785 938 918 960 summo

66 971 311 1017 Nequidquam
328 984 418 1006 seros
435 977 572 1006 exercet
588 977 718 1006 noctua
735 977 869 1006 cantus.

65 1018 222 1062 Apparet
237 1018 369 1062 liquido
386 1018 543 1051 sublimis
560 1019 597 1051 in
614 1020 693 1052 aere
710 1018 825 1061 Nisus,

65 1063 113 1096 Et
128 1075 190 1108 pro
205 1075 379 1108 purpureo
396 1075 514 1108 poenas
531 1064 592 1097 dat
609 1064 725 1108 Scylla
743 1064 878 1108 capillo.

68 1109 293 1154 Quacumque
309 1109 371 1143 illa
387 1110 498 1143 levem
515 1110 655 1153 fugiens
673 1114 766 1143 secat
783 1110 913 1144 aet-hera
929 1111 1065 1155 pennis,

65 1153 156 1188 Ecce
171 1155 345 1198 inimicus,
363 1159 474 1199 atrox,
491 1167 618 1199 magno
636 1156 781 1189 stridore
797 1168 860 1200 per
878 1168 981 1190 auras

66 1200 266 1245 Insequitur
283 1201 389 1234 Nisus
403 1213 410 1235 :
437 1213 505 1245 qua
522 1213 556 1234 se
573 1202 641 1234 fert
658 1202 763 1235 Nisus
780 1202 825 1235 ad
842 1214 954 1246 auras,

67 1246 135 1280 Illa
150 1247 262 1280 levem
277 1247 416 1290 fugiens
432 1247 562 1291 raptim
579 1251 672 1280 secat
689 1248 817 1281 aethera
834 1249 968 1292 pennis.

65 1291 155 1325 Tum
171 1292 321 1336 liquidas
338 1293 431 1326 corvi
447 1304 562 1337 presso
580 1297 632 1326 ter
648 1297 792 1336 gutture
809 1305 909 1326 voces
1118 1296 1187 1327 410

64 1337 140 1371 Aut
156 1342 279 1382 quater
295 1338 533 1381 ingeminant3
551 1343 586 1372 et
603 1350 691 1382 saepe
708 1339 880 1372 cubilibus
897 1339 988 1383 altis,

67 1382 188 1417 Nescio
205 1395 274 1428 qua
290 1388 415 1428 praeter
432 1384 572 1417 solitum
589 1384 771 1418 dulcedine
788 1385 868 1428 laeti,

66 1429 165 1462 Inter
181 1441 216 1462 se
231 1429 325 1463 foliis
343 1430 548 1474 strepitant;
568 1431 672 1473 juvat
688 1430 857 1463 imbribus
874 1431 962 1464 actis

65 1473 270 1518 Progeniem
285 1487 429 1519 parvam
447 1475 633 1519 dulcesque
649 1476 795 1510 revisere
811 1477 910 1510 m'dos
924 1489 931 1511 :

65 1519 173 1554 Haud
190 1521 351 1565 equidem
367 1521 478 1565 credo,
496 1521 577 1565 quia
594 1522 639 1555 sit-
656 1522 826 1555 divinitus
843 1523 913 1556 illis

65 1565 262 1610 Ingenium,
280 1571 343 1600 aut
358 1578 475 1600 rerum
490 1567 564 1601 fato
580 1568 769 1611 prudentia
783 1570 852 1612 maj
858 1580 912 1602 or:

65 1611 206 1656 Verum,
223 1612 285 1645 ubi
302 1616 490 1656 tempestas
507 1617 542 1646 et
559 1613 636 1647 coeli
652 1613 788 1647 mobilis
805 1614 930 1648 humor

65 1656 249 1691 Mutavere
265 1658 349 1702 vias,
366 1663 402 1691 et
419 1659 563 1703 Jupiter
579 1659 706 1693 uvidus
723 1660 850 1693 austris

65 1702 206 1746 Denset,
224 1708 323 1737 erant
339 1715 415 1748 quae
431 1716 510 1738 rara
525 1705 636 1748 modo,
654 1709 699 1748 et,
717 1717 792 1749 quae
809 1706 924 1749 densa,
941 1706 1078 1741 relaxat
1091 1720 1100 1749 ;

66 1748 264 1782 Vertuntur
281 1750 411 1794 species
428 1750 633 1793 animorum,
651 1755 686 1785 et
702 1756 843 1796 pectora
859 1756 974 1786 motus
1119 1755 1189 1787 420
