1320 1932
387 94 605 129 AENEmos
630 95 717 128 Lm.
743 94 804 128 XI.
1089 98 1162 142 325

42 165 225 199 Finitimos
243 166 373 199 tollunt
390 167 426 198 in
443 176 552 208 agros,
569 164 718 207 urbique
734 165 922 199 remittunt
936 177 944 199 t

42 211 171 253 Cetera,
190 212 411 255 confusaeque
427 211 607 254 ingentem
624 210 728 243 eaedis
745 222 918 252 acervum,

41 256 114 289 Nec
130 268 273 290 numero
289 268 352 290 nee
369 257 496 290 honore
514 260 670 289 cremant
684 268 692 295 ς
717 259 802 289 tunc
821 257 975 300 undique
992 256 1083 290 vasti

42 302 209 335 Certatim
226 303 352 335 crebris
369 302 543 336 collucent
560 301 699 344 ignibus
716 302 799 344 agri.

41 347 159 380 Tertia
174 347 238 380 lux
255 348 407 391 gelidam
423 347 507 380 coelo
525 347 717 380 dimoverat
732 347 914 381 umbram:
1094 349 1162 380 210

42 392 228 426 Maerentes
244 393 357 426 altum
374 393 525 426 cinerem
542 396 577 425 et
594 393 738 425 confusa
753 393 902 426 ruebant

43 438 128 471 Ossa
143 438 237 481 focis,
255 439 442 483 tepidoque
459 437 648 471 onerabant
665 449 790 481 aggere
809 443 918 472 terrae.

43 484 69 518 J
71 495 127 517 am
143 495 222 518 vero
239 484 277 517 in
293 484 395 517 tectis
412 484 603 528 praedivitis
621 483 705 516 urbe
724 484 841 517 Latini

44 529 245 573 Praecipuus
261 530 386 573 fragor,
404 533 439 563 et
455 529 550 572 longi
568 541 646 573 pars
663 530 817 563 maxima
834 530 961 564 luctus.

45 575 114 608 Hic
130 579 267 618 matres)
283 576 485 619 miseraeque
501 586 621 617 nurus,
637 575 695 608 hic
712 586 791 608 cara
809 587 963 608 sororum

45 620 190 654 Pectora
205 626 421 659 maerentum,
438 621 606 664 puerique
623 620 825 664 parentibus
843 621 927 661 orbi,

45 666 170 698 Dirum
188 670 412 700 exsecrantur
428 666 559 699 bellum
577 666 755 709 Turnjque
772 666 969 710 hymenaeos
983 679 992 708 ;

47 711 167 755 Ipsum
184 712 297 754 armis,
315 712 498 755 ipsumque
510 711 637 755 jubent
655 712 837 745 decernere
853 713 954 754 ferro,

48 756 116 797 Qui
131 768 279 801 regnum
297 757 412 790 Italiae
429 761 464 790 et
480 757 608 800 primos
626 757 690 790 sibi
708 762 826 800 poscat
843 758 998 792 honores.

48 802 216 846 Ingravat
231 803 306 836 haec
323 814 434 836 saevus
451 802 612 845 Drances,
631 803 812 845 solumque
828 803 943 836 vocari
1095 805 1162 836 220

47 848 218 891 Testatur,
236 848 346 881 solum
363 848 456 892 posci
473 848 510 880 in
527 848 718 881 certamina
735 848 901 882 Turnum.

47 893 165 927 Multa
181 894 284 927 simul
301 898 421 927 contra
437 894 541 927 variis
559 894 734 927 sententia
750 894 853 927 dictis

47 938 115 972 Pro
133 940 248 972 Turno
263 951 271 980 3
296 943 332 973 et
347 951 516 982 magnum
532 939 660 982 reginae
677 951 803 973 nomen
821 939 1003 973 obumbrat
1017 952 1026 981 ;

47 984 165 1018 Multa
180 985 296 1018 virum
311 985 443 1018 meritis
461 989 634 1018 sustentat
650 985 743 1019 fama
761 985 906 1029 tropaeis.

96 1031 169 1064 Hos
185 1030 278 1064 inter
293 1034 417 1074 motus,
434 1031 547 1064 medio
564 1031 602 1063 in
617 1031 787 1074 flagrante
805 1031 974 1074 tumultu,

49 1075 148 1119 Ecce,
167 1087 269 1120 super
284 1077 397 1109 rnaesti
412 1088 541 1120 magna
558 1076 734 1110 Diomedis
752 1076 795 1110 ab
812 1077 896 1110 urbe

50 1121 174 1165 Legati
189 1132 350 1166 responsa
366 1122 484 1155 ferunt
498 1134 504 1155 :
529 1122 619 1155 nihjl
636 1122 794 1155 omnibus
811 1127 930 1156 actum

51 1167 242 1201 Tantorum
258 1168 422 1211 impensis
439 1179 582 1211 operum
596 1180 604 1208 ;
629 1168 680 1200 nil
697 1168 796 1210 dona,
813 1179 926 1212 neque
943 1179 1077 1211 aurum,

51 1212 124 1246 Nec
140 1224 284 1256 magnas
301 1213 449 1246 valuisse
465 1225 582 1257 preces
597 1225 605 1254 ;
630 1213 699 1246 alia
716 1225 812 1246 arma
828 1213 962 1247 Latinis

53 1258 256 1301 Quaerenda,
273 1262 336 1292 aut
351 1270 473 1302 pacem
489 1259 635 1302 Trojano
652 1258 696 1292 ab
713 1270 793 1302 rege
810 1259 1006 1303 petendam.
1099 1260 1167 1292 230

51 1304 179 1337 Deficit
196 1304 331 1347 ingenti
348 1304 448 1337 luctu
463 1316 525 1337 rex
542 1305 615 1348 ipse
632 1304 787 1337 Latinus.

51 1348 211 1383 Fatalem
228 1349 363 1382 AEnean
378 1350 563 1383 manifesto
579 1350 722 1383 numine
739 1350 831 1393 ferri,

52 1395 226 1428 Admonet
243 1395 295 1428 ira
312 1395 426 1438 desim,
442 1395 640 1439 tumulique
658 1399 739 1429 ante
757 1407 815 1429 ora
830 1399 995 1430 recentes,

52 1440 144 1484 Ergo
161 1440 348 1474 concilium
363 1452 541 1484 magnum,
558 1441 755 1485 primosque
773 1453 913 1474 suorum

53 1486 203 1530 Imperio
220 1486 357 1529 accitos,
375 1487 448 1520 alta
465 1486 558 1520 intra
574 1487 696 1520 limina
713 1487 814 1530 cogit.

54 1531 124 1566 Olli
141 1543 340 1574 convenere,
356 1532 542 1576 fluuntque
558 1532 603 1566 ad
619 1533 715 1576 regia
731 1533 842 1576 plenis

53 1578 160 1611 Tecta
176 1577 250 1611 viis.
299 1577 404 1611 Sedet
420 1578 457 1611 in
474 1578 596 1611 mediis
614 1582 649 1611 et
664 1579 839 1612 maximus
857 1590 939 1620 aeVO,

53 1623 101 1657 Et
116 1624 249 1667 primus
266 1624 419 1667 sceptris,
436 1623 532 1657 haud
547 1624 630 1657 laeta
645 1624 768 1666 fronte,
786 1625 941 1658 Latinus.

54 1671 169 1713 Atque
185 1669 243 1702 hje
259 1669 392 1712 legatos
411 1669 525 1703 AEtola
543 1681 587 1703 ex
602 1669 687 1703 urbe
703 1671 870 1711 remissos,

57 1715 141 1756 Quae
157 1714 319 1756 referant,
337 1715 403 1748 fari
414 1715 525 1759 jubet,
543 1719 579 1748 et
594 1727 757 1759 responsa
773 1716 921 1759 reposcit
1104 1717 1171 1749 240

55 1761 185 1795 Ordine
202 1764 331 1794 cuneta.
348 1771 414 1796 sun.
461 1761 665 1795 Tumfacta
681 1762 822 1796 silentia
834 1761 978 1806 linguis,
