1345 1927
54 77 121 109 230
353 74 392 109 Ρ.
410 74 614 108 VIRGILII
640 73 853 108 MARONIS

53 141 229 175 Anchisen
246 141 447 185 genitorem,
464 145 500 175 et
517 141 599 174 vina
615 141 771 184 reponite
788 140 946 174 mensis?

54 186 111 219 Sic
128 187 252 219 deinde
269 186 394 220 effatus
410 187 585 220 frondenti
602 191 757 238 tempora
774 197 869 219 ramo

54 231 227 275 Implicat,
244 236 280 265 et
297 232 513 276 Geniumque
530 232 605 273 loci,
623 232 838 275 primamque
855 231 998 264 deorum

53 276 237 320 Tellurem,
253 277 511 322 Nymphasque,
529 282 564 310 et
580 259 695 310 a'dhuc
712 277 832 320 ignota
848 281 1010 329 precatur

54 321 236 363 Flumina;
262 326 338 355 tum
355 323 509 364 Noctem,
528 322 717 365 Noctisque
734 322 882 355 orientia
899 322 1009 364 signa,

55 366 257 411 Idaeumque
275 368 299 401 J
301 379 409 410 ovem,
428 367 686 411 Phrygiamque
703 378 746 400 ex
764 367 883 400 ordine
901 367 1062 410 Matrem,

55 412 208 455 Invocat,
226 417 261 446 et
278 413 432 456 duplices
449 413 609 456 Coeloque
628 412 807 455 Ereboque
824 417 994 456 parentes.
1103 414 1169 446 140

55 457 124 491 Hic
141 458 246 491 Pater
263 459 479 502 omnipotens
496 462 549 491 ter
565 458 650 491 coelo
667 457 780 491 clarus
797 458 841 491 ab
858 458 930 491 alto

55 502 225 546 Intonuit,
241 504 415 546 radiisque
432 503 611 536 ardentem
628 503 715 536 lucis
733 508 768 536 et
785 514 868 536 auro

56 548 134 591 Ipse
150 560 257 581 manu
274 549 434 592 quatiens
452 548 604 581 ostendit
620 548 663 581 ab
681 548 808 581 aethere
824 548 962 583 nubem.

54 593 199 626 Diditur
215 594 272 626 hic
289 593 404 626 subito
421 593 568 636 Trojana
585 604 646 637 per
663 594 804 636 agmina
820 605 947 636 rumor,

56 638 244 672 Advenisse
261 639 362 681 diem,
380 650 448 682 quo
465 639 583 672 debita
595 639 727 671 ,moenia
744 638 906 672 condant.

55 684 225 717 Certatim
242 685 441 717 instaurant
458 684 588 728 epulas,
605 689 712 728 atque
729 684 842 717 omine
859 695 986 728 magno

57 729 214 763 Crateras
230 730 303 762 laeti
321 734 492 772 statuunt,
511 734 547 762 et
562 730 646 763 vina
663 733 837 763 coronant.

102 774 243 808 Postera
259 787 367 819 quum
383 775 496 819 prima
512 775 685 808 lustrabat
702 775 862 818 lampade
879 779 988 809 terras

57 819 141 853 Orta
158 820 240 863 dies,
258 821 379 854 urbem
396 825 431 854 et
447 821 533 854 fines
550 825 585 854 et
602 821 705 853 litora
721 821 835 863 gentis

54 865 191 899 Diversi
215 866 423 910 explorant;
448 866 521 899 haec
537 866 643 899 fontis
661 870 785 908 stagna
802 866 952 908 Numici,
1107 869 1171 900 150

55 910 160 944 Hunc
177 911 343 954 Thybrim
360 911 515 954 fluvium,
533 911 590 944 hic
606 912 712 944 fortes
729 910 886 945 habitare
904 912 1054 946 Latinos.

54 956 144 989 'rum
160 961 255 990 satus
272 957 424 990 Anchisa
441 957 590 990 delectos
607 957 725 990 ordine
742 956 785 989 ab
802 958 897 990 omni

55 1001 203 1035 Centum
220 1007 369 1036 oratores
386 1007 537 1046 augusta
553 1003 597 1035 ad
614 1003 742 1035 moenia
757 1003 848 1045 regis

57 1047 112 1080 he
125 1048 235 1090 jubet,
253 1048 357 1081 ramis
375 1048 506 1081 velatos
523 1048 677 1081 Palladis
694 1059 821 1090 omnes,

54 1092 223 1137 Donaque
239 1093 328 1127 ferre
345 1094 427 1135 viro,
445 1105 635 1146 pacemque
651 1104 834 1137 exposcere
851 1093 1000 1128 Teucris.

56 1137 163 1171 Haud
179 1150 295 1172 mora:
320 1139 515 1172 festinant
501 1151 560 1182 Jus
563 1139 600 1181 si,
616 1138 815 1182 rapidisque
832 1139 994 1173 feruntur

54 1182 224 1217 Passibus.
267 1184 346 1228 Ipse
362 1184 488 1217 humili
505 1185 665 1228 desig-nat
680 1183 810 1217 moenia
825 1184 926 1227 fossa,

55 1228 278 1282 Moliturque
287 1230 425 1270 locum3
449 1230 647 1273 primasque
664 1229 702 1262 in
718 1229 819 1263 litore
836 1230 942 1273 sedes,

55 1274 278 1308 castrorum·
268 1287 306 1308 1n
321 1286 464 1327 morem,
481 1276 598 1319 pinnis
615 1279 720 1319 atque
737 1286 862 1318 aggere
879 1275 1000 1319 cingit.

54 1320 80 1353 J
82 1331 160 1363 am(
164 1332 207 1353 ue
223 1321 291 1354 iter
307 1321 446 1363 emensi,
465 1325 576 1354 turres
593 1331 634 1354 ac
650 1325 745 1354 tecta
761 1321 967 1355 Latinorum
1106 1324 1172 1356 160

55 1332 175 1398 Ardua
192 1366 406 1400 cernebant'
391 1377 549 1409 juvenes,
565 1377 735 1410 muroque
752 1366 936 1401 subibant:

54 1410 147 1444 Ante
163 1411 285 1445 urbem
301 1413 400 1456 pueri
417 1415 452 1445 et
468 1412 632 1456 primaevo
647 1411 730 1446 flore
741 1413 912 1455 juventus

54 1456 272 1490 Exercentur
288 1458 394 1501 equis,
411 1457 651 1501 domitantque
667 1458 706 1490 in
722 1457 864 1501 pulvere
881 1469 1003 1492 currus
1012 1470 1022 1500 ;

54 1501 127 1535 Aut
145 1514 238 1536 acres
255 1504 407 1537 tendunt
423 1515 534 1545 arcus,
551 1508 614 1537 aut
630 1503 727 1537 lenta
742 1503 881 1536 lacertis

55 1546 197 1591 Spicula
213 1553 453 1593 contorquent,
471 1560 643 1592 cursuque
659 1549 802 1593 ictuque
819 1548 1016 1584 lacessunt:

55 1593 171 1647 Quum
187 1598 380 1638 praevectus
396 1606 483 1639 equo
500 1594 647 1647 longaevi
664 1594 754 1638 regis
771 1594 816 1628 ad
833 1606 933 1628 aures

54 1639 88 1673 N
89 1651 214 1673 unclus
230 1640 389 1684 ingentes
405 1641 526 1684 ignota
543 1641 580 1672 in
596 1644 692 1673 veste
707 1643 863 1692 reportat

54 1685 244 1719 Advenisse
260 1687 359 1720 viros.
401 1686 466 1720 me
483 1686 576 1720 intra
591 1690 687 1719 tecta
703 1685 819 1719 vocari

55 1730 220 1775 hperat,
237 1735 273 1765 et
289 1731 373 1766 solio
389 1732 524 1766 medius
540 1731 696 1765 consedit
713 1731 816 1765 avito.
