1345 1927
423 52 640 87 AENEIDOS
665 53 750 87 LIB.
778 54 804 87 I.
1121 59 1161 92 91

58 118 194 152 Circum
211 118 361 152 claustra
376 119 550 152 fremunt:
576 119 666 153 celsa
683 120 779 153 sedet
794 120 916 154 AEolus
933 133 1010 155 arce

57 163 200 207 Sceptra
215 167 346 206 tenens,
363 164 544 208 mollitque
561 165 703 204 animos,
721 170 756 199 et
773 170 944 210 temperat
960 168 1036 201 iras.

57 209 91 242 N
92 209 104 241 i
120 209 237 252 faciat,
253 210 364 243 maria
380 221 420 243 ac
437 215 545 244 terras
562 211 755 254 coelumque
771 212 985 255 profundum

58 254 194 298 Quippe
209 255 325 288 ferant
341 256 453 299 rapidi
470 267 585 289 secum
602 261 810 300 verrantque
827 268 887 301 per
903 269 1014 292 auras.

56 299 123 333 Sed
138 304 238 343 pater
251 301 465 344 omnipotens
482 302 654 345 speluncis
671 301 806 335 abdidit
823 303 917 346 atris,
1125 307 1167 338 60

56 344 132 378 Hoc
148 350 306 379 metuens
320 359 328 387 ;
352 347 545 390 molemque
562 351 597 380 et
613 352 746 380 montes
763 348 904 392 insuper
919 348 1007 382 altos

56 389 238 434 Imposuit,
253 403 438 436 regemque
455 393 561 436 dedit,
578 393 639 437 qui
655 393 782 426 foedere
800 398 892 426 certo

54 435 102 469 Et
118 447 280 480 premere,
297 441 333 471 et
349 437 446 471 laxas
464 439 566 471 sciret
583 439 664 472 dare
675 439 793 482 jussus
810 439 971 473 habenas.

54 481 110 514 Ad
126 493 230 525 quem
245 486 323 516 tum
338 483 364 517 J
365 494 434 516 uno
452 484 599 528 supplex
616 484 669 516 his
686 484 826 518 vocibus
843 496 905 518 usa
922 490 994 519 est:

99 527 238 570 “AEole‚
256 540 406 572 namque
423 528 488 562 tibi
506 529 626 562 divum
643 532 741 572 pater
757 534 862 572 atque
879 529 1058 564 hominum
1075 542 1136 564 rex

54 572 101 606 Et
116 573 266 606 mulcere
283 574 379 607 dedit
393 574 521 607 fluctus
538 579 573 608 et
589 574 708 607 tollere
725 578 838 616 vento,

56 618 146 651 Gens
162 619 303 653 inimica,
317 620 405 652 mihi
418 620 634 663 Tyrrhenum
650 619 793 662 navigat
811 630 935 663 aequor,

55 663 162 696 Ilium
178 665 215 697 in
234 664 375 698 Italiam
390 670 530 709 portans
547 666 722 708 victosque
739 669 881 708 penates
895 676 902 698 :

55 709 180 743 Incute
195 710 268 743 vim
283 711 405 753 ventis,
423 711 682 754 submersasque
699 709 803 743 obrue
820 721 953 754 puppes
967 723 977 752 3

54 754 128 787 Aut
145 766 207 798 age
224 756 373 789 diversos
390 760 425 789 et
442 756 561 800 disjice
577 767 718 799 corpora
734 760 850 799 ponto.
1124 758 1166 790 70

56 799 146 833 Sunt
162 800 249 833 mihi
264 801 316 834 bis
333 805 464 845 septem
480 802 660 845 praestanti
677 812 815 845 corpore
830 801 995 844 nymphae
1009 814 1018 842 3

54 845 217 889 Quarum,
235 857 311 890 quae
329 847 439 880 forma
455 847 696 891 pulcherrima,
713 846 904 890 Deiopeam

52 890 230 924 connubio
242 893 390 936 jungam
407 892 523 926 stabili
539 893 781 937 propriamque
798 891 928 935 dicabo,

0 943 1 947 ’
53 935 178 969 Omnes
194 941 236 970 ut
252 941 369 971 tecum
384 938 517 971 meritis
534 949 595 982 pro
611 937 739 971 talibus
756 948 864 970 annos

0 991 1 1014 1
52 980 193 1026 Exigat‚
211 987 246 1017 et
262 983 409 1028 pulchra
425 983 531 1018 faciat
546 987 583 1017 te
597 982 693 1028 prole
709 979 920 1026 parentem.”

100 1027 219 1062 AEolus
235 1029 309 1062 haec
327 1034 446 1062 contra
462 1041 468 1062 :
495 1031 513 1046 ²‘
525 1030 632 1072 Tuus,
649 1039 668 1062 ο
684 1028 814 1071 regina,
830 1026 915 1071 quid
932 1029 1038 1070 optes,

47 1069 241 1115 Explorate
256 1070 354 1104 labor
370 1083 378 1113 ;
402 1071 491 1105 mihi
503 1071 603 1116 jussa
617 1082 794 1116 capessere
810 1071 863 1104 fas
881 1074 945 1104 est.

0 1119 1 1125 ¹
51 1115 105 1148 Tu
121 1115 218 1159 mihi,
235 1116 464 1160 quodcunque
480 1116 544 1149 hoc
560 1116 668 1159 regni,
685 1119 726 1148 tu
743 1119 879 1159 sceptra
895 1115 920 1148 J
922 1126 1088 1159 ovemque

52 1160 221 1194 Concilias
235 1174 244 1202 ;
267 1166 310 1194 tu
326 1162 386 1194 das
403 1161 514 1206 epulis
531 1161 732 1194 accumbere
749 1160 878 1203 divum,

53 1205 87 1239 N
88 1206 327 1251 imborumque
342 1207 428 1241 facis
445 1211 761 1251 tempestatumque
777 1204 986 1250 potentem?
1121 1207 1164 1238 80

98 1252 185 1285 Haec
201 1252 262 1285 ubi
278 1252 383 1296 dicta,
400 1263 525 1286 cavum
543 1263 706 1286 conversa
722 1251 864 1296 cuspide
880 1256 1035 1284 montem

50 1297 199 1341 Impulit
215 1298 253 1330 in
268 1297 384 1339 latus,;
409 1309 449 1330 ac
466 1298 563 1331 venti
577 1297 676 1330 velut
693 1297 830 1340 agmine
847 1296 950 1339 facto,

51 1343 129 1384 Qua
145 1342 228 1376 data
243 1348 353 1387 porta,
370 1347 488 1385 ruunt,
506 1347 541 1376 et
557 1347 665 1376 terras
682 1342 821 1375 turbine
837 1341 996 1386 perflant.

51 1387 245 1422 Incubuere
260 1389 358 1431 mari,
375 1393 557 1432 totumque
574 1399 595 1421 a
611 1387 748 1421 sedibus
764 1388 843 1420 imis

51 1433 131 1467 Una
147 1433 329 1478 Eurusque
346 1434 527 1478 Notusque
542 1438 652 1467 ruunt
668 1433 852 1477 creberque
868 1432 1027 1476 procellis

50 1479 199 1522 Africus,
217 1484 252 1513 et
268 1484 382 1513 vastos
399 1480 545 1513 volvunt
561 1479 605 1512 ad
621 1479 725 1512 litora
739 1479 868 1512 fluctus
882 1490 888 1512 :

52 1524 252 1569 Insequitur
268 1525 464 1569 clamorque
479 1525 595 1558 virum
611 1524 803 1568 stridorque
818 1524 1017 1558 rudentum„

51 1570 216 1615 Eripiunt
232 1571 346 1604 subito
362 1571 470 1604 nubes
488 1571 681 1614 coelumque
698 1570 858 1614 diemque

50 1615 261 1650 Teucrorum
277 1628 320 1650 ex
336 1617 444 1650 oculis
462 1629 469 1657 ;
494 1621 599 1661 ponto
616 1627 686 1649 nox
701 1615 845 1649 incubat
862 1619 947 1649 atra„

52 1661 239 1695 Intonuere
255 1662 335 1706 poli,
353 1667 388 1695 et
405 1662 530 1696 crebris
546 1662 654 1695 micat
670 1661 808 1705 ignibus
825 1661 933 1694 aether
947 1673 956 1701 ;
1120 1661 1165 1693 90

52 1705 327 1752 Praesentemque
344 1708 426 1742 viris
443 1709 622 1742 intentant
639 1707 754 1741 omnia
769 1712 925 1741 mortem.
