1345 1927
163 62 230 92 250
473 57 510 91 P.
537 56 740 90 VIRGILII
766 54 980 89 MARONIS

163 125 330 168 Erigitur,
348 125 542 168 summique
560 124 640 157 ferit
657 123 835 167 laquearia
852 122 946 156 tecti.

163 170 242 204 Nox
260 175 343 212 erat,
361 175 396 203 et
414 174 522 203 terras
539 169 705 203 animalia
720 170 811 202 fessa
828 179 888 212 per
905 177 1022 200 omnes

165 216 328 259 Alituum
345 216 587 259 pecudumque
605 226 713 257 genus
731 225 830 257 sopor
847 213 939 246 altus
957 210 1128 245 habebat:

166 261 282 302 Quum
299 265 398 305 pater
415 261 451 294 in
468 261 544 304 ripa
561 260 736 304 gelidique
754 259 817 291 sub
835 258 973 292 aetheris
991 268 1056 290 axe

165 307 303 348 AEneas,
320 306 413 339 tristi
430 306 591 339 turbatus
608 310 747 348 pectora
765 304 863 346 bello,

167 351 366 392 Procubuit,
385 362 562 394 seramque
579 351 676 383 dedit
693 362 754 393 per
770 349 923 382 membra
941 348 1104 392 quietem.
1237 347 1281 379 30

168 397 261 430 Huic
278 397 363 430 deus
379 397 451 441 ipse
469 396 535 430 loci
553 395 658 428 fluvio
675 395 856 428 Tiberinus
873 405 1006 427 amoeno

168 441 338 486 Populeas
355 442 446 475 inter
463 442 574 475 senior
591 453 626 474 se
642 440 801 474 attollere
818 439 956 472 frondes

169 487 291 528 Visus;
316 498 396 520 eum
413 487 529 519 tenuis
545 486 668 529 glauco
686 485 824 519 velabat
841 485 973 518 amictu

169 532 347 575 Carbasus‚
365 537 400 565 et
417 532 528 564 crines
545 531 706 564 umbrosa
723 529 863 573 tegebat
879 529 1012 563 arundo
1027 541 1036 569 ;

169 578 259 611 Tum
276 578 324 610 sic
341 577 449 619 affari,
467 581 502 610 et
520 588 618 609 curas
635 576 689 608 his
706 576 841 608 demere
860 575 963 608 dictis
977 587 984 608 :

218 620 236 637 “
248 620 276 653 O
294 625 367 654 sate
384 625 488 664 gente
505 620 821 662 deum,.Tr0janam
838 630 882 653 ex
899 618 1061 653 hostibus
1078 620 1200 654 urbem

171 664 239 705 Qui
255 664 390 697 revehis
407 664 515 706 nobis,
534 669 730 706 aeternaque
749 663 917 706 Pergama
934 673 1058 706 servas,

171 710 381 754 Exspectate
398 709 468 743 solo
485 709 651 742 Laurenti
668 709 827 752 arvisque
845 708 987 748 Latinis,

172 755 242 788 Hic
258 755 323 788 tibi
340 759 434 788 certa
451 755 583 794 domus,
601 754 696 796 certi,
713 765 756 786 ne
773 753 910 796 absiste,
928 756 1070 797 penates
1085 765 1094 794 ς

172 800 250 834 Neu
266 800 349 833 belli
365 804 493 833 terrere
510 800 623 832 minis.
666 799 793 832 Tumor
810 799 920 832 omnis
937 803 972 831 et
988 799 1048 831 irae
1242 797 1288 830 40

173 845 373 879 Concessere
390 845 504 879 defim.

173 891 324 934 Jamque
341 891 417 933 tibi,
434 902 478 924 ne
494 901 585 924 vana
601 894 703 934 putes
720 889 794 923 haec
811 889 941 933 fingere
958 900 1126 932 somnum,

173 937 318 970 Litoreis
335 936 457 980 ingens
473 936 617 969 inventa
635 935 698 968 sub
714 935 851 968 ilicibus
869 946 935 978 sus,

174 982 332 1025 Triginta
349 981 504 1025 capitum
521 982 614 1014 fetus
631 981 744 1023 enixa,
758 980 890 1024 jacebit
904 993 913 1021 ;

174 1027 273 1070 Alba,
291 1027 361 1060 solo
377 1026 554 1069 recubans,
573 1026 644 1060 albi
660 1027 790 1059 circum
806 1025 912 1059 ubera
928 1026 1012 1059 nati.

175 1073 244 1106 Hic
261 1073 356 1106 locus
372 1072 467 1105 urbis
485 1073 561 1114 erit,
578 1072 711 1116 requies
728 1083 768 1104 ea
785 1076 880 1105 certa
896 1070 1074 1104 laborum:

175 1118 230 1152 Ex
247 1129 314 1162 quo
332 1122 385 1151 ter
401 1118 498 1150 denis
515 1117 637 1150 urbem
654 1116 879 1150 redeuntibus
896 1117 997 1149 annis

104 1163 111 1176 ²
176 1164 345 1197 Ascanius
363 1163 447 1197 clari
464 1163 588 1196 condet
605 1162 817 1206 cognominis
831 1161 967 1195 Albam.

177 1209 284 1242 Haud
302 1209 435 1241 incerta
452 1219 546 1242 cano.
587 1208 620 1241 N
622 1219 690 1241 unc
708 1219 777 1251 qua
792 1208 926 1240 ratione
944 1206 1034 1251 quod
1051 1207 1161 1240 instat

176 1254 351 1298 Expedias
368 1254 488 1297 victor,
505 1254 633 1298 paucis,
651 1253 802 1295 adverte,
820 1252 955 1286 docebo.
1248 1252 1292 1285 50

177 1300 327 1334 Arcades
344 1299 398 1332 his
415 1299 492 1342 oris,
509 1310 618 1342 genus
634 1310 655 1332 a
672 1298 832 1332 Pallante
848 1298 1052 1342 profectum,

180 1346 248 1386 Qui
264 1356 381 1389 regem
397 1345 600 1378 Evandrum
617 1345 769 1387 comites,
788 1344 848 1387 qui
865 1344 965 1387 signa
982 1343 1101 1386 secuti,

179 1391 344 1434 Delegere
361 1390 486 1431 locum,
504 1394 539 1423 et
557 1401 698 1434 posuere
715 1390 752 1422 in
769 1389 945 1422 montibus
962 1388 1093 1431 urbem,

180 1436 350 1470 Pallantis
366 1436 486 1480 proavi
503 1436 545 1469 de
562 1435 700 1468 nomine
718 1435 939 1468 Pallanteum
953 1446 960 1468 ε

181 1482 230 1514 Hi
247 1481 377 1514 bellum
394 1481 531 1514 assidue
549 1481 684 1514 ducunt
701 1492 781 1514 cum
797 1484 902 1523 gente
918 1480 1045 1513 Latina
1058 1491 1067 1520 ;

181 1527 254 1560 Hos
272 1527 392 1560 castris
409 1526 536 1560 adhibe
553 1527 669 1569 socios,
687 1530 722 1559 et
739 1526 869 1559 foedera
880 1526 1001 1569 junge.

182 1573 261 1616 Ipse
278 1583 340 1615 ego
357 1576 392 1605 te
408 1572 492 1615 ripis
509 1576 545 1605 et
560 1576 654 1605 recto
670 1571 813 1604 flumine
830 1571 965 1613 ducam,

182 1618 376 1651 Adversum
391 1618 494 1650 remis
512 1629 649 1661 superes
667 1617 851 1650 subvectus
867 1619 909 1649 ut
925 1626 1070 1649 amnem.

183 1663 292 1706 Surge
309 1674 382 1706 age,
399 1667 481 1696 nate
498 1663 562 1696 dea
575 1675 584 1703 ;
608 1662 798 1706 primisque
815 1661 1018 1695 cadentibus
1035 1661 1136 1694 astris

183 1708 317 1743 Junoni
333 1709 385 1741 fer
400 1708 466 1742 rite
482 1719 609 1753 preceS,
625 1708 781 1752 iramque
798 1707 976 1751 minasque
1250 1707 1295 1738 60

1318 1771 1345 1927 ¹.
