1320 1932
573 98 703 133 CIRIS.
1129 101 1196 133 393

83 168 236 202 Candida
254 179 426 201 concessos
442 167 606 200 ascendat
623 166 709 200 Ciris
726 166 880 199 honores.

128 214 278 257 Jamque
295 213 379 246 adeo
397 213 491 245 dulci
508 212 689 245 devinctus
706 212 841 244 lumina
858 222 974 244 somno

81 259 186 292 Nisus
203 262 286 301 erat,
298 259 332 291 vi
351 259 513 301 'ilumque
530 257 650 301 procul
668 257 825 290 custodia
843 257 961 300 primis

80 304 255 337 Excubias
272 304 337 337 fori
362 316 402 336 us
420 303 533 336 studio
545 302 703 346 jactabat
720 303 838 335 inani:

81 350 197 390 Qumn
214 350 337 382 furtim
354 349 461 382 tacito
478 348 687 382 descendens
704 347 821 391 Scylla
838 347 945 380 cubili

79 395 232 428 Auribus
250 395 390 428 arrectis
409 398 579 427 nocturna
596 393 735 426 silentia
752 397 877 436 tentat,
1128 395 1196 427 210

79 440 125 473 Et
142 441 265 484 pressis
283 444 424 473 tenuem
442 439 652 482 singultibus
669 440 752 472 aera
769 442 896 482 captat.

80 486 169 519 Tum
185 497 350 529 suspensa
367 485 485 518 levans
503 485 623 528 digitis
641 484 789 528 vestigia
806 484 926 528 primis

80 531 278 575 Egreditur,
295 531 454 574 ferroque
470 541 595 563 manus
612 534 747 563 armata
763 529 898 563 bidenti

78 577 203 610 Evolat
217 589 223 610 :
249 581 286 610 at
303 577 427 610 demtae
445 575 558 609 subita
575 575 612 608 in
629 575 812 608 formidine
830 575 927 609 vires.

80 622 249 656 Caeruleas
267 634 328 655 sua
344 622 440 655 furta
457 622 552 665 prius
571 625 720 654 testatur
737 621 781 654 ad
798 621 947 654 umbras.

78 668 179 710 Nam,
198 680 266 712 qua
283 680 317 701 se
335 668 379 702 ad
396 667 549 711 patrium
566 666 731 700 tendebat
750 666 872 699 semita
890 666 1005 709 limen,

79 713 259 747 Vestibulo
276 714 311 746 in
330 713 477 746 thalami
494 713 639 756 paulum
656 715 857 754 remoratur,
871 716 906 745 et
923 712 1035 746 altum

78 759 230 803 Suspicit
247 759 290 792 ad
308 759 394 792 culti
411 759 576 791 nutantia
593 758 704 791 sidera
721 757 854 800 mundi,

77 804 156 838 Non
173 808 315 848 accepta·
332 804 397 848 piis
415 804 620 848 promittens
636 815 781 836 munera
798 803 896 836 divis.

126 850 238 891 Quam
255 850 357 883 simul
376 850 502 893 Ogygii
521 849 694 882 Phoenicis
713 849 785 882 filia
803 849 923 882 Carme
1127 852 1194 883 220

77 895 223 939 Surgere
241 896 348 928 sensit
365 895 662 937 anus‚—sonit-um
680 905 762 927 nam
778 894 907 927 fecerat
925 894 978 927 illi

77 941 269 974 Marmoreo
287 944 412 974 aeratus
430 940 578 973 stridens
595 940 632 972 in
649 940 769 973 limine
786 940 935 973 cardo—

79 987 226 1031 Corripit
243 987 417 1030 extemplo
434 987 559 1019 fessam
577 985 743 1028 languore
760 985 924 1029 puellam,

79 1030 126 1064 Et
142 1030 255 1072 simul,
276 1033 297 1047 “
308 1031 335 1064 O
352 1030 450 1064 nobis
467 1040 600 1063 sacrum
617 1029 755 1073 caput,'’
772 1029 897 1073 inquit,
919 1032 939 1047 “
949 1029 1099 1069 alumna,

77 1076 157 1109 Non
173 1076 239 1109 'tibi
255 1075 491 1119 nequidquam
507 1073 627 1106 viridis
644 1084 705 1116 per
722 1073 853 1105 viscera
869 1072 980 1115 pallor

77 1122 238 1165 AEgrotas
255 1121 354 1154 tenui
371 1119 517 1153 suffudit
535 1118 704 1161 sanguine
722 1128 827 1150 venas
843 1129 851 1157 ;

77 1168 111 1201 N
113 1179 150 1201 ec
167 1167 262 1208 levis,
279 1167 345 1199 hoc'
360 1166 490 1198 faceres
509 1164 636 1208 (neque
653 1162 745 1196 enim
762 1161 869 1206 pote),
887 1171 970 1194 cura
987 1159 1142 1203 subegit:

79 1213 187 1246 Haud
203 1212 314 1254 fallor,
332 1211 422 1255 quod
440 1214 474 1243 te
492 1210 606 1253 potius
625 1208 840 1241 Rhamnusia
857 1207 960 1240 fallit.

78 1259 170 1292 Nam
188 1269 257 1302 qua
273 1262 308 1290 te
325 1268 429 1290 causa
446 1267 508 1289 nee
526 1255 637 1288 dulcis
654 1254 779 1298 pocula
797 1252 935 1294 Bacchi,

78 1304 112 1337 N
114 1315 151 1337 ec
168 1303 328 1347 gravidos
346 1301 475 1336 Cereris
493 1301 606 1333 dicam
624 1299 824 1342 contingere
842 1297 957 1331 fetus?
1129 1297 1196 1331 230

80 1350 156 1390 Qua
173 1360 277 1382 causa
294 1349 338 1381 ad
356 1348 510 1392 patrium
528 1346 635 1379 solam
652 1345 796 1388 vigilare
814 1343 936 1385 cubile,

79 1395 244 1439 Tempore
262 1405 329 1438 quo
346 1394 451 1426 fessas
468 1391 628 1425 mortalia
645 1395 784 1434 pectora
801 1401 910 1431 curas,

80 1441 155 1481 Quo
171 1440 309 1484 rapidos
327 1439 432 1472 etiam
449 1437 670 1482 requiescunt
686 1436 832 1469 fiumina
849 1433 992 1468 cursus?

79 1486 144 1519 Dic
161 1497 225 1529 age
243 1496 337 1518 nunc
354 1485 487 1517 miserae
505 1483 638 1525 saltem,
657 1481 748 1525 quod
766 1492 855 1525 saepe
872 1479 1007 1524 petenti

79 1532 104 1565 J
106 1531 231 1564 urabas
247 1530 336 1563 nihil
354 1541 424 1563 esse
441 1529 538 1571 mihi,
552 1539 660 1572 quum
676 1530 798 1560 maesta
814 1526 968 1570 parentis

79 1576 257 1610 Formosos
275 1576 405 1608 circum
422 1575 518 1617 virgo
534 1584 703 1607 morerere
721 1572 863 1616 capillos
877 1571 889 1605 2

80 1622 161 1655 Heu
178 1621 276 1664 mihi,
293 1632 337 1654 ne
354 1621 450 1653 furor
466 1620 525 1652 ille
542 1624 620 1652 tuos
637 1618 804 1652 invaserit
821 1621 928 1660 artus⁷

81 1668 156 1710 Ille,
177 1667 296 1700 Arabis
315 1666 467 1710 Myrrhae
485 1665 660 1709 quondam
677 1664 738 1708 qui
755 1663 847 1707 cepit
864 1662 998 1706 ocellos,

80 1713 130 1746 Ut
147 1712 271 1745 scelere
288 1711 442 1754 infando,
460 1711 552 1754 quod
569 1721 631 1743 nec
649 1710 732 1742 sinit
749 1709 922 1751 Adrastia,

81 1758 220 1792 Laedere
236 1761 423 1801 utrumque
440 1768 510 1790 uno
528 1755 667 1789 studeas
684 1766 795 1789 errore
812 1757 1002 1798 parentem.
1129 1753 1199 1786 240
