1345 1927
121 52 187 84 144
428 50 465 85 P.
491 49 697 84 VIRGILII
722 49 938 84 MARONIS

120 117 357 162 Agnoscitque
375 129 463 161 suos,
480 117 652 160 laetusque
668 117 713 150 ad
730 116 853 149 limina
870 115 978 158 ducit,

121 164 168 197 Et
184 164 338 197 multum
354 163 515 197 lacrimas
533 163 638 196 verba
653 163 745 195 inter
762 161 902 205 singula
918 161 1047 195 fundit.

120 209 282 253 Procedo,
300 213 335 243 et
351 220 494 253 parvam
511 209 659 252 Trojam,
677 207 910 250 simulataque
926 207 1064 250 magnis

121 254 300 298 Pergama,
317 259 353 288 et
369 259 525 288 arentem
542 254 676 287 Xanthi
693 253 897 296 cognomine
913 253 1030 286 rivum
1175 253 1244 285 350

122 301 288 344 Agnosco,
307 300 479 344 Scaeaeque
496 300 686 344 amplector
704 299 826 332 limina
844 302 961 342 portae.

121 345 153 380 N
156 358 194 380 eo
210 358 280 380 non
297 350 332 380 et
349 347 472 379 Teucri
490 346 580 379 socia
598 345 702 378 simul
719 344 804 377 urbe
820 344 991 377 fruuntur
1005 354 1012 378 :

122 392 205 426 Illos
222 392 412 437 porticibus
428 403 489 425 rex
507 391 699 436 accipiebat
716 391 752 423 in
770 390 906 433 amplis.

121 438 227 472 Aula'i
246 438 283 471 in
300 438 413 471 medio
430 437 588 471 libabant
604 436 729 481 pocula
747 435 887 478 Bacchi,

122 483 298 528 Impositis
315 495 398 517 auro
417 483 574 527 dapibus,
591 487 799 526 paterasque
816 480 992 514 tenebant.

174 533 190 547 ⁶·
206 530 360 572 Jamque
377 527 459 567 dies,
479 527 635 570 alterque
653 526 725 559 dies
744 526 908 570 processit
921 539 929 567 ;
955 530 991 559 et
1008 536 1100 558 aurae

123 573 210 607 Vela
226 578 362 617 vocant,
379 573 583 616 tumidoque
600 573 744 606 inflatur
760 572 922 606 carbasus
939 576 1066 607 austro.

125 619 192 652 His
210 624 326 653 vatem
343 619 524 662 aggredior
541 619 654 661 dictis,
671 630 711 652 ac
729 619 815 652 talia
832 629 948 661 quaeso
962 630 968 651 :

130 665 139 681 ⁴
150 664 356 708 Trojugena,
374 665 545 707 interpres
562 663 692 705 divum,
709 663 769 706 qui
786 663 932 695 numina
950 661 1082 706 Phoebi,

127 710 196 751 Qui
214 710 378 754 tripodas,
398 710 503 743 Clarii
520 709 649 751 laurus,
667 709 729 753 qui
747 708 860 741 sidera
877 707 994 750 sentis,
1180 708 1249 741 360

125 755 173 789 Et
191 755 371 789 volucrum
387 755 538 799 linguas,
555 754 771 799 et‘praepetis
789 754 906 787 omina
922 764 1058 798 pennae,

124 801 213 835 Fare
230 813 492 845 age—namque
510 812 646 835 omnem
664 811 804 834 cursum
821 800 909 832 mihi
927 809 1090 844 prospera
1107 798 1199 832 dixit

123 847 269 891 Religio,
287 852 322 881 et
339 848 458 881 cuncti
477 851 660 880 suaserunt
678 846 823 879 numine
841 845 914 878 divi

123 893 265 927 Italiam
282 898 408 937 petere,
426 897 461 926 et
478 897 586 926 terras
605 896 741 926 tentare
758 895 914 935 repostas
928 903 936 932 ;

122 938 202 973 Sola
218 951 348 973 novum
365 939 530 983 dictuque
546 939 645 971 nefas
663 938 823 981 Harpyia
841 937 976 970 Celaeno

123 985 326 1029 Prodigium
343 985 448 1027 canit,
467 989 502 1018 et
518 985 635 1018 tristes
653 983 840 1016 denuntiat
857 983 937 1025 iras,

124 1031 384 1075 Obscenamque
400 1031 656 1074 famem—quae
675 1030 788 1074 prima
804 1028 961 1072 pericula
978 1027 1050 1061 vito
1064 1026 1077 1061 ’ἒ

125 1077 285 1120 Quidque
303 1088 447 1121 sequens
465 1081 581 1110 tantos
598 1077 725 1120 possim
743 1086 905 1118 superare
922 1074 1054 1107 labores
1062 1072 1085 1107 'l’

124 1123 194 1156 Hic
212 1123 377 1166 Helenus,
396 1123 491 1156 caesis
508 1123 661 1166 primum
678 1121 721 1154 de
738 1132 831 1153 more
844 1119 1017 1163 juvencis,

123 1169 255 1202 Exorat
272 1180 393 1213 pacem
411 1169 541 1211 divum,
559 1169 736 1211 vittasque
753 1166 896 1199 resolvit
1182 1164 1251 1198 370

124 1214 258 1248 Sacrati
275 1215 409 1258 capitis,
426 1225 550 1257 meque
568 1214 612 1247 ad
629 1218 692 1246 tua
709 1212 841 1254 limina,
862 1211 1002 1254 Phoebe,

125 1260 203 1304 Ipse
221 1272 328 1293 manu
343 1260 455 1293 multo
473 1271 678 1303 suspensum
694 1258 838 1291 numine
856 1257 954 1290 ducit
970 1268 978 1297 ;

126 1306 244 1383 Atgpqe
261 1306 335 1383 haeg
353 1306 478 1339 deinde
496 1305 591 1339 canit
608 1304 727 1382 diving
744 1314 862 1354 elz-ore
879 1302 1060 1380 sacelrdos:

126 1354 301 1440 Auspssffs
317 1362 514 1428 1333111033?
521 1354 704 1435 5353?ssss
720 1359 917 1426 ssssssffsieffi
931 1352 1045 1426 ssetxum

127 1441 287 1484 Sortitur,
304 1441 482 1485 volvitque
500 1441 592 1474 vices
607 1453 615 1481 ;
640 1440 669 1473 is
688 1440 836 1473 vertitur
853 1439 983 1472 ordo—

127 1487 245 1521 Pauca
261 1487 327 1520 tibi
344 1499 362 1521 e
378 1487 510 1529 multis,
530 1498 598 1530 quo
615 1486 724 1519 tutior
741 1485 879 1529 hospita
897 1484 1026 1518 lustres

126 1533 287 1577 AEquora,
305 1537 341 1566 et
358 1533 510 1566 Ausonio
527 1533 636 1577 possis
654 1531 830 1565 considere
846 1534 960 1574 portu,

127 1579 322 1624 Expediam
339 1579 442 1612 dictis
457 1591 465 1619 ;
490 1578 674 1623 prohibent
692 1589 773 1611 nam
791 1581 905 1610 cetera
921 1576 1040 1609 Parcae

127 1625 221 1659 Scire
239 1625 415 1658 Helenum
431 1625 566 1668 farique
583 1628 680 1658 vetat
698 1623 863 1657 Saturnia
879 1622 904 1656 J
906 1633 984 1655 uno.
1182 1620 1252 1654 380

127 1671 304 1715 Principio
322 1671 473 1714 Italiam,
491 1681 596 1715 quam
612 1674 654 1703 tu
666 1670 741 1714 jam
757 1680 830 1702 rere
847 1668 1090 1713 propinquam,

128 1717 348 1762 Vicinosque,
364 1717 494 1762 ignare,
512 1727 612 1762 paras
629 1715 793 1750 invadere
809 1717 940 1759 portus,
