<?xml version="1.0" encoding="UTF-8"?>
<!DOCTYPE html PUBLIC "-//W3C//DTD XHTML 1.0 Transitional//EN"
    "http://www.w3.org/TR/xhtml1/DTD/xhtml1-transitional.dtd">
<html xmlns="http://www.w3.org/1999/xhtml" xml:lang="en" lang="en">
 <head>
  <title>
</title>
<meta http-equiv="Content-Type" content="text/html;charset=utf-8" />
  <meta name='ocr-system' content='tesseract 3.04.00' />
  <meta name='ocr-capabilities' content='ocr_page ocr_carea ocr_par ocr_line ocrx_word'/>
</head>
<body>
  <div class='ocr_page' id='page_1' title='image "./operaomnia00virguoft/operaomnia00virguoft_0109.png"; bbox 0 0 1345 1927; ppageno 0'>
   <div class='ocr_carea' id='block_1_1' title="bbox 431 81 1179 118">
    <p class='ocr_par' dir='ltr' id='par_1_1' title="bbox 431 81 1179 118">
     <span class='ocr_line' id='line_1_1' title="bbox 431 81 1179 118; baseline -0.004 -1"><span class='ocrx_word' id='word_1_1' title='bbox 431 82 651 118; x_wconf 86' lang='lat' dir='ltr'>AENEIDOS</span> <span class='ocrx_word' id='word_1_2' title='bbox 675 81 762 115; x_wconf 88' lang='lat' dir='ltr'>LIB.</span> <span class='ocrx_word' id='word_1_3' title='bbox 790 82 817 116; x_wconf 95' lang='lat' dir='ltr'>I.</span> <span class='ocrx_word' id='word_1_4' title='bbox 1115 83 1179 115; x_wconf 91' lang='grc'>101</span> 
     </span>
    </p>
   </div>
   <div class='ocr_carea' id='block_1_2' title="bbox 68 159 1189 1808">
    <p class='ocr_par' dir='ltr' id='par_1_2' title="bbox 68 159 1189 1808">
     <span class='ocr_line' id='line_1_2' title="bbox 68 159 973 214; baseline -0.004 -18"><span class='ocrx_word' id='word_1_5' title='bbox 68 163 163 196; x_wconf 80' lang='lat' dir='ltr'>Laeta</span> <span class='ocrx_word' id='word_1_6' title='bbox 179 172 267 202; x_wconf 84' lang='lat' dir='ltr'>suas,</span> <span class='ocrx_word' id='word_1_7' title='bbox 287 161 346 195; x_wconf 86' lang='lat' dir='ltr'>ubi</span> <span class='ocrx_word' id='word_1_8' title='bbox 362 161 533 214; x_wconf 80' lang='lat' dir='ltr'>templum</span> <span class='ocrx_word' id='word_1_9' title='bbox 550 161 612 203; x_wconf 86' lang='lat' dir='ltr'>illi,</span> <span class='ocrx_word' id='word_1_10' title='bbox 629 164 791 203; x_wconf 86' lang='lat' dir='ltr'>centumq</span> <span class='ocrx_word' id='word_1_11' title='bbox 796 172 839 194; x_wconf 87' lang='lat' dir='ltr'>ue</span> <span class='ocrx_word' id='word_1_12' title='bbox 856 159 973 193; x_wconf 77' lang='lat' dir='ltr'>Sabaeo</span> 
     </span>
     <span class='ocr_line' id='line_1_3' title="bbox 69 206 957 259; baseline -0.006 -17"><span class='ocrx_word' id='word_1_13' title='bbox 69 208 183 242; x_wconf 69' lang='lat' dir='ltr'>Thura</span> <span class='ocrx_word' id='word_1_14' title='bbox 200 208 315 241; x_wconf 84' lang='lat' dir='ltr'>calent</span> <span class='ocrx_word' id='word_1_15' title='bbox 331 219 407 248; x_wconf 70' lang='lat' dir='ltr'>m’ae,</span> <span class='ocrx_word' id='word_1_16' title='bbox 427 207 594 259; x_wconf 78' lang='lat' dir='ltr'>sertisque</span> <span class='ocrx_word' id='word_1_17' title='bbox 610 206 805 240; x_wconf 78' lang='lat' dir='ltr'>recentibus</span> <span class='ocrx_word' id='word_1_18' title='bbox 825 206 957 239; x_wconf 80' lang='lat' dir='ltr'>halant.</span> 
     </span>
     <span class='ocr_line' id='line_1_4' title="bbox 115 252 1012 297; baseline -0.003 -10"><span class='ocrx_word' id='word_1_19' title='bbox 115 253 316 297; x_wconf 76' lang='lat' dir='ltr'>Corripuere</span> <span class='ocrx_word' id='word_1_20' title='bbox 333 254 426 286; x_wconf 84' lang='lat' dir='ltr'>viam</span> <span class='ocrx_word' id='word_1_21' title='bbox 442 253 585 292; x_wconf 87' lang='lat' dir='ltr'>interea,</span> <span class='ocrx_word' id='word_1_22' title='bbox 603 263 672 296; x_wconf 84' lang='lat' dir='ltr'>qua</span> <span class='ocrx_word' id='word_1_23' title='bbox 688 252 812 285; x_wconf 85' lang='lat' dir='ltr'>semita</span> <span class='ocrx_word' id='word_1_24' title='bbox 829 255 1012 284; x_wconf 35' lang='lat' dir='ltr'>monsnmat</span> 
     </span>
     <span class='ocr_line' id='line_1_5' title="bbox 69 296 981 342; baseline -0.003 -10"><span class='ocrx_word' id='word_1_25' title='bbox 69 299 90 333; x_wconf 85' lang='lat' dir='ltr'><strong>J</strong></span> <span class='ocrx_word' id='word_1_26' title='bbox 94 310 172 342; x_wconf 74' lang='lat' dir='ltr'>am(</span> <span class='ocrx_word' id='word_1_27' title='bbox 176 310 220 332; x_wconf 86' lang='lat' dir='ltr'>ue</span> <span class='ocrx_word' id='word_1_28' title='bbox 236 299 469 332; x_wconf 80' lang='lat' dir='ltr'>ascendebant</span> <span class='ocrx_word' id='word_1_29' title='bbox 486 298 617 338; x_wconf 87' lang='lat' dir='ltr'>collem,</span> <span class='ocrx_word' id='word_1_30' title='bbox 637 298 696 342; x_wconf 84' lang='lat' dir='ltr'>qui</span> <span class='ocrx_word' id='word_1_31' title='bbox 714 298 885 341; x_wconf 84' lang='lat' dir='ltr'>plurimus</span> <span class='ocrx_word' id='word_1_32' title='bbox 902 296 981 330; x_wconf 89' lang='lat' dir='ltr'>urbi</span> 
     </span>
     <span class='ocr_line' id='line_1_6' title="bbox 71 312 1182 388; baseline -0.003 -10"><span class='ocrx_word' id='word_1_33' title='bbox 71 312 243 387; x_wconf 81' lang='lat' dir='ltr'><strong>Imminet,</strong></span> <span class='ocrx_word' id='word_1_34' title='bbox 261 344 488 388; x_wconf 85' lang='lat' dir='ltr'>adversasque</span> <span class='ocrx_word' id='word_1_35' title='bbox 504 349 630 388; x_wconf 78' lang='lat' dir='ltr'>aspect</span> <span class='ocrx_word' id='word_1_36' title='bbox 632 348 659 376; x_wconf 63' lang='lat' dir='ltr'>it</span> <span class='ocrx_word' id='word_1_37' title='bbox 676 344 823 387; x_wconf 78' lang='lat' dir='ltr'>desuper</span> <span class='ocrx_word' id='word_1_38' title='bbox 839 355 942 376; x_wconf 82' lang='lat' dir='ltr'>arces.</span> <span class='ocrx_word' id='word_1_39' title='bbox 1113 344 1182 375; x_wconf 78' lang='lat'>420</span> 
     </span>
     <span class='ocr_line' id='line_1_7' title="bbox 71 389 904 433; baseline -0.001 -10"><span class='ocrx_word' id='word_1_40' title='bbox 71 391 225 424; x_wconf 79' lang='lat' dir='ltr'>Miratur</span> <span class='ocrx_word' id='word_1_41' title='bbox 241 390 366 423; x_wconf 88' lang='lat' dir='ltr'>molem</span> <span class='ocrx_word' id='word_1_42' title='bbox 382 390 518 430; x_wconf 86' lang='lat' dir='ltr'>AEneas,</span> <span class='ocrx_word' id='word_1_43' title='bbox 537 389 687 433; x_wconf 70' lang='lat' dir='ltr'>magalZa</span> <span class='ocrx_word' id='word_1_44' title='bbox 704 389 904 433; x_wconf 81' lang='lat' dir='ltr'>quondam·</span> <span class='ocrx_word' id='word_1_45' title='bbox 896 415 904 429; x_wconf 91' lang='lat'>‚</span> 
     </span>
     <span class='ocr_line' id='line_1_8' title="bbox 69 435 972 480; baseline -0.001 -11"><span class='ocrx_word' id='word_1_46' title='bbox 69 436 220 469; x_wconf 78' lang='lat' dir='ltr'>Miratur</span> <span class='ocrx_word' id='word_1_47' title='bbox 237 442 364 480; x_wconf 70' lang='lat' dir='ltr'>portaS,</span> <span class='ocrx_word' id='word_1_48' title='bbox 382 436 632 480; x_wconf 79' lang='lat' dir='ltr'>strepitumque</span> <span class='ocrx_word' id='word_1_49' title='bbox 649 440 684 469; x_wconf 83' lang='lat' dir='ltr'>et</span> <span class='ocrx_word' id='word_1_50' title='bbox 702 439 810 468; x_wconf 80' lang='lat' dir='ltr'>strata</span> <span class='ocrx_word' id='word_1_51' title='bbox 826 435 972 468; x_wconf 85' lang='lat' dir='ltr'>viarum.</span> 
     </span>
     <span class='ocr_line' id='line_1_9' title="bbox 70 481 908 526; baseline -0.002 -11"><span class='ocrx_word' id='word_1_52' title='bbox 70 482 208 516; x_wconf 84' lang='lat' dir='ltr'>Instant</span> <span class='ocrx_word' id='word_1_53' title='bbox 224 482 383 515; x_wconf 77' lang='lat' dir='ltr'>ardentes</span> <span class='ocrx_word' id='word_1_54' title='bbox 401 482 495 526; x_wconf 80' lang='lat' dir='ltr'>Tyrii</span> <span class='ocrx_word' id='word_1_55' title='bbox 510 494 517 515; x_wconf 91' lang='lat'><strong>:</strong></span> <span class='ocrx_word' id='word_1_56' title='bbox 542 492 620 525; x_wconf 78' lang='lat' dir='ltr'>pars</span> <span class='ocrx_word' id='word_1_57' title='bbox 638 481 766 515; x_wconf 89' lang='lat' dir='ltr'>ducere</span> <span class='ocrx_word' id='word_1_58' title='bbox 783 492 908 522; x_wconf 88' lang='lat' dir='ltr'>muros,</span> 
     </span>
     <span class='ocr_line' id='line_1_10' title="bbox 70 527 973 572; baseline -0.002 -11"><span class='ocrx_word' id='word_1_59' title='bbox 70 528 260 572; x_wconf 87' lang='lat' dir='ltr'>Molirique</span> <span class='ocrx_word' id='word_1_60' title='bbox 277 539 400 570; x_wconf 87' lang='lat' dir='ltr'>arcem,</span> <span class='ocrx_word' id='word_1_61' title='bbox 418 533 453 561; x_wconf 86' lang='lat' dir='ltr'>et</span> <span class='ocrx_word' id='word_1_62' title='bbox 468 527 630 560; x_wconf 88' lang='lat' dir='ltr'>manibus</span> <span class='ocrx_word' id='word_1_63' title='bbox 648 527 848 560; x_wconf 83' lang='lat' dir='ltr'>subvolvere</span> <span class='ocrx_word' id='word_1_64' title='bbox 866 538 950 560; x_wconf 78' lang='lat' dir='ltr'>saxa</span> <span class='ocrx_word' id='word_1_65' title='bbox 964 539 973 568; x_wconf 73' lang='lat'>5</span> 
     </span>
     <span class='ocr_line' id='line_1_11' title="bbox 71 572 948 617; baseline 0 -11"><span class='ocrx_word' id='word_1_66' title='bbox 71 573 156 607; x_wconf 83' lang='lat' dir='ltr'>Pars</span> <span class='ocrx_word' id='word_1_67' title='bbox 172 577 290 617; x_wconf 83' lang='lat' dir='ltr'>optare</span> <span class='ocrx_word' id='word_1_68' title='bbox 306 573 420 607; x_wconf 88' lang='lat' dir='ltr'>locum</span> <span class='ocrx_word' id='word_1_69' title='bbox 439 578 539 614; x_wconf 88' lang='lat' dir='ltr'>tecto,</span> <span class='ocrx_word' id='word_1_70' title='bbox 557 577 591 606; x_wconf 83' lang='lat' dir='ltr'>et</span> <span class='ocrx_word' id='word_1_71' title='bbox 607 573 812 606; x_wconf 80' lang='lat' dir='ltr'>concludere</span> <span class='ocrx_word' id='word_1_72' title='bbox 830 572 924 606; x_wconf 89' lang='lat' dir='ltr'>sulco</span> <span class='ocrx_word' id='word_1_73' title='bbox 940 586 948 613; x_wconf 88' lang='lat'>;</span> 
     </span>
     <span class='ocr_line' id='line_1_12' title="bbox 69 619 1061 663; baseline -0.002 -11"><span class='ocrx_word' id='word_1_74' title='bbox 69 619 159 652; x_wconf 80' lang='lat' dir='ltr'>Jura</span> <span class='ocrx_word' id='word_1_75' title='bbox 175 619 466 663; x_wconf 74' lang='lat' dir='ltr'>magistratusque</span> <span class='ocrx_word' id='word_1_76' title='bbox 483 619 617 662; x_wconf 84' lang='lat' dir='ltr'>legunt,</span> <span class='ocrx_word' id='word_1_77' title='bbox 635 623 862 663; x_wconf 82' lang='lat' dir='ltr'>sanctumque</span> <span class='ocrx_word' id='word_1_78' title='bbox 879 622 1039 652; x_wconf 82' lang='lat' dir='ltr'>senatum</span> <span class='ocrx_word' id='word_1_79' title='bbox 1052 632 1061 660; x_wconf 88' lang='lat'>;</span> 
     </span>
     <span class='ocr_line' id='line_1_13' title="bbox 71 664 897 708; baseline 0 -11"><span class='ocrx_word' id='word_1_80' title='bbox 71 665 140 697; x_wconf 88' lang='lat' dir='ltr'>Hic</span> <span class='ocrx_word' id='word_1_81' title='bbox 157 669 277 708; x_wconf 85' lang='lat' dir='ltr'>portus</span> <span class='ocrx_word' id='word_1_82' title='bbox 294 665 354 698; x_wconf 78' lang='lat' dir='ltr'>aiii</span> <span class='ocrx_word' id='word_1_83' title='bbox 371 665 540 698; x_wconf 84' lang='lat' dir='ltr'>effodiunt</span> <span class='ocrx_word' id='word_1_84' title='bbox 555 677 564 705; x_wconf 81' lang='lat'><em>3</em></span> <span class='ocrx_word' id='word_1_85' title='bbox 590 665 646 698; x_wconf 86' lang='lat' dir='ltr'>hic</span> <span class='ocrx_word' id='word_1_86' title='bbox 661 665 734 698; x_wconf 83' lang='lat' dir='ltr'>alta</span> <span class='ocrx_word' id='word_1_87' title='bbox 751 664 897 698; x_wconf 78' lang='lat' dir='ltr'>theatris</span> 
     </span>
     <span class='ocr_line' id='line_1_14' title="bbox 71 710 984 753; baseline 0 -9"><span class='ocrx_word' id='word_1_88' title='bbox 71 710 314 744; x_wconf 80' lang='lat' dir='ltr'>Fundamenta</span> <span class='ocrx_word' id='word_1_89' title='bbox 332 711 446 744; x_wconf 76' lang='lat' dir='ltr'>locant</span> <span class='ocrx_word' id='word_1_90' title='bbox 463 711 533 750; x_wconf 83' lang='lat' dir='ltr'>alii,</span> <span class='ocrx_word' id='word_1_91' title='bbox 553 711 788 753; x_wconf 83' lang='lat' dir='ltr'>immanesque</span> <span class='ocrx_word' id='word_1_92' title='bbox 806 710 984 744; x_wconf 83' lang='lat' dir='ltr'>columnas</span> 
     </span>
     <span class='ocr_line' id='line_1_15' title="bbox 71 755 944 800; baseline 0 -12"><span class='ocrx_word' id='word_1_93' title='bbox 71 755 228 800; x_wconf 89' lang='lat' dir='ltr'>Rupibus</span> <span class='ocrx_word' id='word_1_94' title='bbox 245 756 421 797; x_wconf 78' lang='lat' dir='ltr'>excidunt,</span> <span class='ocrx_word' id='word_1_95' title='bbox 440 757 549 789; x_wconf 82' lang='lat' dir='ltr'>scenis</span> <span class='ocrx_word' id='word_1_96' title='bbox 567 756 688 789; x_wconf 88' lang='lat' dir='ltr'>decora</span> <span class='ocrx_word' id='word_1_97' title='bbox 705 756 778 789; x_wconf 81' lang='lat' dir='ltr'>alta.</span> <span class='ocrx_word' id='word_1_98' title='bbox 794 756 924 788; x_wconf 85' lang='lat' dir='ltr'>futuris</span> <span class='ocrx_word' id='word_1_99' title='bbox 938 768 944 789; x_wconf 93' lang='lat'>:</span> 
     </span>
     <span class='ocr_line' id='line_1_16' title="bbox 71 801 1185 844; baseline 0 -10"><span class='ocrx_word' id='word_1_100' title='bbox 71 801 190 843; x_wconf 84' lang='lat' dir='ltr'>Qualis</span> <span class='ocrx_word' id='word_1_101' title='bbox 208 812 288 844; x_wconf 87' lang='lat' dir='ltr'>apes</span> <span class='ocrx_word' id='word_1_102' title='bbox 305 806 424 835; x_wconf 81' lang='lat' dir='ltr'>aestate</span> <span class='ocrx_word' id='word_1_103' title='bbox 442 812 530 834; x_wconf 83' lang='lat' dir='ltr'>nova</span> <span class='ocrx_word' id='word_1_104' title='bbox 547 813 608 844; x_wconf 89' lang='lat' dir='ltr'>per</span> <span class='ocrx_word' id='word_1_105' title='bbox 622 801 725 834; x_wconf 83' lang='lat' dir='ltr'>florea</span> <span class='ocrx_word' id='word_1_106' title='bbox 740 813 821 835; x_wconf 51' lang='lat' dir='ltr'>ruia</span> <span class='ocrx_word' id='word_1_107' title='bbox 1115 804 1185 834; x_wconf 83' lang='lat'>430</span> 
     </span>
     <span class='ocr_line' id='line_1_17' title="bbox 71 846 917 891; baseline 0 -11"><span class='ocrx_word' id='word_1_108' title='bbox 71 847 219 880; x_wconf 83' lang='lat' dir='ltr'>Exercet</span> <span class='ocrx_word' id='word_1_109' title='bbox 236 847 299 879; x_wconf 90' lang='lat' dir='ltr'>sub</span> <span class='ocrx_word' id='word_1_110' title='bbox 316 847 385 880; x_wconf 84' lang='lat' dir='ltr'>sole</span> <span class='ocrx_word' id='word_1_111' title='bbox 402 846 507 889; x_wconf 84' lang='lat' dir='ltr'>labor,</span> <span class='ocrx_word' id='word_1_112' title='bbox 521 858 630 891; x_wconf 88' lang='lat' dir='ltr'>quum</span> <span class='ocrx_word' id='word_1_113' title='bbox 646 847 760 890; x_wconf 82' lang='lat' dir='ltr'>gentis</span> <span class='ocrx_word' id='word_1_114' title='bbox 777 847 917 880; x_wconf 83' lang='lat' dir='ltr'>adultos</span> 
     </span>
     <span class='ocr_line' id='line_1_18' title="bbox 70 891 866 937; baseline 0 -11"><span class='ocrx_word' id='word_1_115' title='bbox 70 892 236 926; x_wconf 88' lang='lat' dir='ltr'>Educunt</span> <span class='ocrx_word' id='word_1_116' title='bbox 253 893 354 933; x_wconf 86' lang='lat' dir='ltr'>fetus,</span> <span class='ocrx_word' id='word_1_117' title='bbox 372 898 434 926; x_wconf 86' lang='lat' dir='ltr'>aut</span> <span class='ocrx_word' id='word_1_118' title='bbox 451 904 558 937; x_wconf 85' lang='lat' dir='ltr'>quum</span> <span class='ocrx_word' id='word_1_119' title='bbox 575 891 745 936; x_wconf 81' lang='lat' dir='ltr'>liquentia</span> <span class='ocrx_word' id='word_1_120' title='bbox 761 893 866 926; x_wconf 88' lang='lat' dir='ltr'>mella</span> 
     </span>
     <span class='ocr_line' id='line_1_19' title="bbox 71 937 905 982; baseline 0.001 -11"><span class='ocrx_word' id='word_1_121' title='bbox 71 937 221 982; x_wconf 80' lang='lat' dir='ltr'>Stipant,</span> <span class='ocrx_word' id='word_1_122' title='bbox 238 944 273 971; x_wconf 88' lang='lat' dir='ltr'>et</span> <span class='ocrx_word' id='word_1_123' title='bbox 290 938 383 971; x_wconf 88' lang='lat' dir='ltr'>dulci</span> <span class='ocrx_word' id='word_1_124' title='bbox 400 939 604 972; x_wconf 76' lang='lat' dir='ltr'>distendunt</span> <span class='ocrx_word' id='word_1_125' title='bbox 621 943 759 972; x_wconf 78' lang='lat' dir='ltr'>nectare</span> <span class='ocrx_word' id='word_1_126' title='bbox 776 939 880 972; x_wconf 82' lang='lat' dir='ltr'>cellas</span> <span class='ocrx_word' id='word_1_127' title='bbox 897 952 905 980; x_wconf 91' lang='lat'>;</span> 
     </span>
     <span class='ocr_line' id='line_1_20' title="bbox 71 984 1029 1028; baseline 0.002 -11"><span class='ocrx_word' id='word_1_128' title='bbox 71 984 145 1017; x_wconf 79' lang='lat' dir='ltr'>Aut</span> <span class='ocrx_word' id='word_1_129' title='bbox 160 995 263 1017; x_wconf 84' lang='lat' dir='ltr'>onera</span> <span class='ocrx_word' id='word_1_130' title='bbox 279 984 456 1028; x_wconf 86' lang='lat' dir='ltr'>accipiunt</span> <span class='ocrx_word' id='word_1_131' title='bbox 474 985 684 1027; x_wconf 83' lang='lat' dir='ltr'>venientum,</span> <span class='ocrx_word' id='word_1_132' title='bbox 702 990 763 1018; x_wconf 85' lang='lat' dir='ltr'>aut</span> <span class='ocrx_word' id='word_1_133' title='bbox 779 986 919 1028; x_wconf 83' lang='lat' dir='ltr'>agmine</span> <span class='ocrx_word' id='word_1_134' title='bbox 937 985 1029 1019; x_wconf 88' lang='lat' dir='ltr'>facto</span> 
     </span>
     <span class='ocr_line' id='line_1_21' title="bbox 71 1011 895 1074; baseline 0.001 -11"><span class='ocrx_word' id='word_1_135' title='bbox 71 1029 245 1073; x_wconf 80' lang='lat' dir='ltr'>Ignavum</span> <span class='ocrx_word' id='word_1_136' title='bbox 262 1030 358 1063; x_wconf 80' lang='lat' dir='ltr'>fucos</span> <span class='ocrx_word' id='word_1_137' title='bbox 374 1042 478 1074; x_wconf 86' lang='lat' dir='ltr'>pecus</span> <span class='ocrx_word' id='word_1_138' title='bbox 495 1042 515 1064; x_wconf 88' lang='lat' dir='ltr'>a</span> <span class='ocrx_word' id='word_1_139' title='bbox 533 1011 738 1074; x_wconf 66' lang='lat' dir='ltr'>praesepibus</span> <span class='ocrx_word' id='word_1_140' title='bbox 755 1035 895 1064; x_wconf 85' lang='lat' dir='ltr'>a-:rcent</span> 
     </span>
     <span class='ocr_line' id='line_1_22' title="bbox 72 1076 1028 1120; baseline 0.002 -12"><span class='ocrx_word' id='word_1_141' title='bbox 72 1076 196 1109; x_wconf 85' lang='lat' dir='ltr'>Fervet</span> <span class='ocrx_word' id='word_1_142' title='bbox 213 1087 309 1119; x_wconf 75' lang='lat' dir='ltr'>opuS‚</span> <span class='ocrx_word' id='word_1_143' title='bbox 326 1076 552 1120; x_wconf 87' lang='lat' dir='ltr'>redolentque</span> <span class='ocrx_word' id='word_1_144' title='bbox 569 1077 690 1120; x_wconf 74' lang='lat' dir='ltr'>thymo</span> <span class='ocrx_word' id='word_1_145' title='bbox 707 1077 898 1120; x_wconf 80' lang='lat' dir='ltr'>fragrantia</span> <span class='ocrx_word' id='word_1_146' title='bbox 914 1076 1028 1111; x_wconf 85' lang='lat' dir='ltr'>mella.</span> 
     </span>
     <span class='ocr_line' id='line_1_23' title="bbox 72 1121 931 1166; baseline 0 -11"><span class='ocrx_word' id='word_1_147' title='bbox 72 1123 90 1139; x_wconf 92' lang='lat'><strong>“</strong></span> <span class='ocrx_word' id='word_1_148' title='bbox 103 1121 130 1155; x_wconf 93' lang='lat' dir='ltr'>O</span> <span class='ocrx_word' id='word_1_149' title='bbox 147 1121 327 1164; x_wconf 78' lang='lat' dir='ltr'>fortunati,</span> <span class='ocrx_word' id='word_1_150' title='bbox 345 1133 488 1165; x_wconf 88' lang='lat' dir='ltr'>quorum</span> <span class='ocrx_word' id='word_1_151' title='bbox 503 1123 578 1166; x_wconf 84' lang='lat' dir='ltr'>jam</span> <span class='ocrx_word' id='word_1_152' title='bbox 593 1123 720 1156; x_wconf 86' lang='lat' dir='ltr'>moenia</span> <span class='ocrx_word' id='word_1_153' title='bbox 737 1128 907 1165; x_wconf 84' lang='lat' dir='ltr'>surgunt.</span> <span class='ocrx_word' id='word_1_154' title='bbox 901 1122 931 1146; x_wconf 69' lang='lat'>&#39;³&#39;</span> 
     </span>
     <span class='ocr_line' id='line_1_24' title="bbox 71 1167 769 1211; baseline 0.001 -11"><span class='ocrx_word' id='word_1_155' title='bbox 71 1167 198 1201; x_wconf 86' lang='lat' dir='ltr'>AEneas</span> <span class='ocrx_word' id='word_1_156' title='bbox 215 1167 276 1205; x_wconf 83' lang='lat' dir='ltr'>ait,</span> <span class='ocrx_word' id='word_1_157' title='bbox 293 1174 328 1200; x_wconf 83' lang='lat' dir='ltr'>et</span> <span class='ocrx_word' id='word_1_158' title='bbox 344 1169 486 1211; x_wconf 79' lang='lat' dir='ltr'>fastigia</span> <span class='ocrx_word' id='word_1_159' title='bbox 504 1168 631 1211; x_wconf 75' lang='lat' dir='ltr'>suspici</span> <span class='ocrx_word' id='word_1_160' title='bbox 621 1169 649 1201; x_wconf 81' lang='lat' dir='ltr'>it</span> <span class='ocrx_word' id='word_1_161' title='bbox 665 1168 769 1202; x_wconf 71' lang='lat' dir='ltr'>urbis.</span> 
     </span>
     <span class='ocr_line' id='line_1_25' title="bbox 74 1213 825 1256; baseline 0.001 -10"><span class='ocrx_word' id='word_1_162' title='bbox 74 1213 183 1246; x_wconf 86' lang='lat' dir='ltr'>Infert</span> <span class='ocrx_word' id='word_1_163' title='bbox 202 1225 236 1246; x_wconf 85' lang='lat' dir='ltr'>se</span> <span class='ocrx_word' id='word_1_164' title='bbox 253 1219 370 1256; x_wconf 86' lang='lat' dir='ltr'>septus</span> <span class='ocrx_word' id='word_1_165' title='bbox 386 1214 524 1255; x_wconf 79' lang='lat' dir='ltr'>nebula,</span> <span class='ocrx_word' id='word_1_166' title='bbox 542 1214 699 1247; x_wconf 83' lang='lat' dir='ltr'>mirabile</span> <span class='ocrx_word' id='word_1_167' title='bbox 716 1214 825 1254; x_wconf 83' lang='lat' dir='ltr'>dictu,</span> 
     </span>
     <span class='ocr_line' id='line_1_26' title="bbox 73 1259 1185 1303; baseline 0.002 -12"><span class='ocrx_word' id='word_1_168' title='bbox 73 1259 139 1292; x_wconf 90' lang='lat' dir='ltr'>Per</span> <span class='ocrx_word' id='word_1_169' title='bbox 156 1259 295 1299; x_wconf 81' lang='lat' dir='ltr'>medios,</span> <span class='ocrx_word' id='word_1_170' title='bbox 312 1260 501 1303; x_wconf 75' lang='lat' dir='ltr'>miscetque</span> <span class='ocrx_word' id='word_1_171' title='bbox 521 1260 601 1292; x_wconf 89' lang='lat' dir='ltr'>viris</span> <span class='ocrx_word' id='word_1_172' title='bbox 617 1272 625 1300; x_wconf 92' lang='lat'>;</span> <span class='ocrx_word' id='word_1_173' title='bbox 650 1271 762 1303; x_wconf 89' lang='lat' dir='ltr'>neque</span> <span class='ocrx_word' id='word_1_174' title='bbox 780 1260 932 1293; x_wconf 83' lang='lat' dir='ltr'>cernitur</span> <span class='ocrx_word' id='word_1_175' title='bbox 949 1261 1025 1295; x_wconf 87' lang='lat' dir='ltr'>ulli.</span> <span class='ocrx_word' id='word_1_176' title='bbox 1118 1263 1185 1293; x_wconf 76' lang='lat'>440</span> 
     </span>
     <span class='ocr_line' id='line_1_27' title="bbox 119 1305 979 1348; baseline 0.002 -11"><span class='ocrx_word' id='word_1_177' title='bbox 119 1305 232 1338; x_wconf 82' lang='lat' dir='ltr'>Lucus</span> <span class='ocrx_word' id='word_1_178' title='bbox 250 1307 285 1337; x_wconf 76' lang='lat' dir='ltr'>in</span> <span class='ocrx_word' id='word_1_179' title='bbox 301 1305 386 1347; x_wconf 79' lang='lat' dir='ltr'>urbe</span> <span class='ocrx_word' id='word_1_180' title='bbox 403 1306 472 1338; x_wconf 86' lang='lat' dir='ltr'>fuit</span> <span class='ocrx_word' id='word_1_181' title='bbox 488 1305 611 1347; x_wconf 82' lang='lat' dir='ltr'>media,</span> <span class='ocrx_word' id='word_1_182' title='bbox 628 1305 824 1338; x_wconf 77' lang='lat' dir='ltr'>laetissimus</span> <span class='ocrx_word' id='word_1_183' title='bbox 840 1305 979 1348; x_wconf 66' lang='lat' dir='ltr'>umbrae,</span> 
     </span>
     <span class='ocr_line' id='line_1_28' title="bbox 75 1349 898 1393; baseline 0.002 -11"><span class='ocrx_word' id='word_1_184' title='bbox 75 1349 150 1390; x_wconf 84' lang='lat' dir='ltr'>Quo</span> <span class='ocrx_word' id='word_1_185' title='bbox 167 1350 317 1393; x_wconf 85' lang='lat' dir='ltr'>primum</span> <span class='ocrx_word' id='word_1_186' title='bbox 329 1351 455 1393; x_wconf 80' lang='lat' dir='ltr'>jactati</span> <span class='ocrx_word' id='word_1_187' title='bbox 471 1351 575 1383; x_wconf 83' lang='lat' dir='ltr'>undis</span> <span class='ocrx_word' id='word_1_188' title='bbox 592 1355 626 1384; x_wconf 86' lang='lat' dir='ltr'>et</span> <span class='ocrx_word' id='word_1_189' title='bbox 644 1350 783 1384; x_wconf 83' lang='lat' dir='ltr'>turbine</span> <span class='ocrx_word' id='word_1_190' title='bbox 800 1351 898 1384; x_wconf 78' lang='lat' dir='ltr'>Poeni</span> 
     </span>
     <span class='ocr_line' id='line_1_29' title="bbox 73 1395 823 1440; baseline 0.001 -12"><span class='ocrx_word' id='word_1_191' title='bbox 73 1395 230 1429; x_wconf 70' lang='lat' dir='ltr'>Effudere</span> <span class='ocrx_word' id='word_1_192' title='bbox 247 1396 320 1429; x_wconf 89' lang='lat' dir='ltr'>loco</span> <span class='ocrx_word' id='word_1_193' title='bbox 338 1398 487 1439; x_wconf 64' lang='lat' dir='ltr'>signum,</span> <span class='ocrx_word' id='word_1_194' title='bbox 506 1396 597 1440; x_wconf 89' lang='lat' dir='ltr'>quod</span> <span class='ocrx_word' id='word_1_195' title='bbox 613 1397 709 1440; x_wconf 83' lang='lat' dir='ltr'>regia</span> <span class='ocrx_word' id='word_1_196' title='bbox 726 1396 823 1429; x_wconf 85' lang='lat' dir='ltr'>June</span> 
     </span>
     <span class='ocr_line' id='line_1_30' title="bbox 73 1441 1015 1486; baseline 0.003 -12"><span class='ocrx_word' id='word_1_197' title='bbox 73 1441 298 1482; x_wconf 83' lang='lat' dir='ltr'>Monstrarat,</span> <span class='ocrx_word' id='word_1_198' title='bbox 315 1447 422 1485; x_wconf 83' lang='lat' dir='ltr'>eaput</span> <span class='ocrx_word' id='word_1_199' title='bbox 438 1442 525 1475; x_wconf 85' lang='lat' dir='ltr'>aeris</span> <span class='ocrx_word' id='word_1_200' title='bbox 543 1443 622 1486; x_wconf 70' lang='lat' dir='ltr'>equi</span> <span class='ocrx_word' id='word_1_201' title='bbox 636 1455 644 1483; x_wconf 87' lang='lat'>;</span> <span class='ocrx_word' id='word_1_202' title='bbox 670 1442 717 1475; x_wconf 79' lang='lat' dir='ltr'>sic</span> <span class='ocrx_word' id='word_1_203' title='bbox 735 1454 817 1475; x_wconf 80' lang='lat' dir='ltr'>nam</span> <span class='ocrx_word' id='word_1_204' title='bbox 835 1443 907 1476; x_wconf 85' lang='lat' dir='ltr'>fore</span> <span class='ocrx_word' id='word_1_205' title='bbox 923 1443 1015 1477; x_wconf 90' lang='lat' dir='ltr'>bello</span> 
     </span>
     <span class='ocr_line' id='line_1_31' title="bbox 73 1487 962 1532; baseline 0.004 -13"><span class='ocrx_word' id='word_1_206' title='bbox 73 1487 258 1530; x_wconf 68' lang='lat' dir='ltr'>Egregiam</span> <span class='ocrx_word' id='word_1_207' title='bbox 275 1492 309 1520; x_wconf 83' lang='lat' dir='ltr'>et</span> <span class='ocrx_word' id='word_1_208' title='bbox 326 1488 464 1521; x_wconf 83' lang='lat' dir='ltr'>facilem</span> <span class='ocrx_word' id='word_1_209' title='bbox 481 1488 578 1520; x_wconf 80' lang='lat' dir='ltr'>victu</span> <span class='ocrx_word' id='word_1_210' title='bbox 595 1499 655 1532; x_wconf 85' lang='lat' dir='ltr'>per</span> <span class='ocrx_word' id='word_1_211' title='bbox 672 1488 795 1522; x_wconf 77' lang='lat' dir='ltr'>saecula</span> <span class='ocrx_word' id='word_1_212' title='bbox 813 1493 962 1531; x_wconf 81' lang='lat' dir='ltr'>gentem.</span> 
     </span>
     <span class='ocr_line' id='line_1_32' title="bbox 74 1533 886 1577; baseline 0.002 -12"><span class='ocrx_word' id='word_1_213' title='bbox 74 1533 143 1565; x_wconf 91' lang='lat' dir='ltr'>Hic</span> <span class='ocrx_word' id='word_1_214' title='bbox 160 1533 330 1576; x_wconf 85' lang='lat' dir='ltr'>templum</span> <span class='ocrx_word' id='word_1_215' title='bbox 346 1533 370 1566; x_wconf 85' lang='lat' dir='ltr'><strong>J</strong></span> <span class='ocrx_word' id='word_1_216' title='bbox 373 1534 481 1566; x_wconf 88' lang='lat' dir='ltr'>unoni</span> <span class='ocrx_word' id='word_1_217' title='bbox 498 1534 619 1577; x_wconf 78' lang='lat' dir='ltr'>ingens</span> <span class='ocrx_word' id='word_1_218' title='bbox 637 1534 778 1567; x_wconf 77' lang='lat' dir='ltr'>Sidonia</span> <span class='ocrx_word' id='word_1_219' title='bbox 795 1534 886 1568; x_wconf 76' lang='lat' dir='ltr'>Dido</span> 
     </span>
     <span class='ocr_line' id='line_1_33' title="bbox 75 1578 941 1623; baseline 0.001 -11"><span class='ocrx_word' id='word_1_220' title='bbox 75 1578 261 1618; x_wconf 79' lang='lat' dir='ltr'>Condebat,</span> <span class='ocrx_word' id='word_1_221' title='bbox 279 1579 378 1612; x_wconf 79' lang='lat' dir='ltr'>(lonis</span> <span class='ocrx_word' id='word_1_222' title='bbox 395 1579 601 1623; x_wconf 79' lang='lat' dir='ltr'>opulentum</span> <span class='ocrx_word' id='word_1_223' title='bbox 618 1584 652 1613; x_wconf 84' lang='lat' dir='ltr'>et</span> <span class='ocrx_word' id='word_1_224' title='bbox 669 1581 812 1613; x_wconf 86' lang='lat' dir='ltr'>numine</span> <span class='ocrx_word' id='word_1_225' title='bbox 829 1581 918 1613; x_wconf 79' lang='lat' dir='ltr'>divae</span> <span class='ocrx_word' id='word_1_226' title='bbox 933 1593 941 1621; x_wconf 91' lang='lat'>;</span> 
     </span>
     <span class='ocr_line' id='line_1_34' title="bbox 73 1624 973 1670; baseline 0.004 -14"><span class='ocrx_word' id='word_1_227' title='bbox 73 1624 178 1657; x_wconf 82' lang='lat' dir='ltr'>AErea</span> <span class='ocrx_word' id='word_1_228' title='bbox 195 1625 251 1657; x_wconf 82' lang='lat' dir='ltr'>cuj</span> <span class='ocrx_word' id='word_1_229' title='bbox 267 1624 433 1667; x_wconf 81' lang='lat' dir='ltr'>gradibus</span> <span class='ocrx_word' id='word_1_230' title='bbox 452 1625 639 1668; x_wconf 78' lang='lat' dir='ltr'>surgebant</span> <span class='ocrx_word' id='word_1_231' title='bbox 655 1626 786 1666; x_wconf 84' lang='lat' dir='ltr'>limina,</span> <span class='ocrx_word' id='word_1_232' title='bbox 806 1637 973 1670; x_wconf 59' lang='lat' dir='ltr'>nexaeque</span> 
     </span>
     <span class='ocr_line' id='line_1_35' title="bbox 74 1669 918 1705; baseline 0.002 -3"><span class='ocrx_word' id='word_1_233' title='bbox 74 1670 156 1703; x_wconf 87' lang='lat' dir='ltr'>AEre</span> <span class='ocrx_word' id='word_1_234' title='bbox 174 1669 287 1703; x_wconf 75' lang='lat' dir='ltr'>trabes</span> <span class='ocrx_word' id='word_1_235' title='bbox 302 1682 308 1704; x_wconf 73' lang='grc' dir='ltr'><em>ι</em></span> <span class='ocrx_word' id='word_1_236' title='bbox 333 1670 465 1704; x_wconf 74' lang='lat' dir='ltr'>foribus</span> <span class='ocrx_word' id='word_1_237' title='bbox 483 1671 584 1704; x_wconf 79' lang='lat' dir='ltr'>cardo</span> <span class='ocrx_word' id='word_1_238' title='bbox 602 1671 770 1704; x_wconf 79' lang='lat' dir='ltr'>stridebat</span> <span class='ocrx_word' id='word_1_239' title='bbox 788 1672 918 1705; x_wconf 80' lang='lat' dir='ltr'>ahenis.</span> 
     </span>
     <span class='ocr_line' id='line_1_36' title="bbox 76 1716 1189 1759; baseline 0.003 -11"><span class='ocrx_word' id='word_1_240' title='bbox 76 1716 152 1748; x_wconf 78' lang='lat' dir='ltr'>Hoc</span> <span class='ocrx_word' id='word_1_241' title='bbox 172 1717 322 1759; x_wconf 81' lang='lat' dir='ltr'>primum</span> <span class='ocrx_word' id='word_1_242' title='bbox 338 1717 376 1749; x_wconf 90' lang='lat' dir='ltr'>in</span> <span class='ocrx_word' id='word_1_243' title='bbox 393 1718 470 1749; x_wconf 75' lang='lat' dir='ltr'>luco</span> <span class='ocrx_word' id='word_1_244' title='bbox 486 1728 576 1750; x_wconf 81' lang='lat' dir='ltr'>nova</span> <span class='ocrx_word' id='word_1_245' title='bbox 593 1729 646 1750; x_wconf 84' lang='lat' dir='ltr'>res</span> <span class='ocrx_word' id='word_1_246' title='bbox 663 1717 780 1750; x_wconf 77' lang='lat' dir='ltr'>oblata</span> <span class='ocrx_word' id='word_1_247' title='bbox 797 1718 956 1751; x_wconf 82' lang='lat' dir='ltr'>timorem</span> <span class='ocrx_word' id='word_1_248' title='bbox 1120 1721 1189 1751; x_wconf 81' lang='lat'>450</span> 
     </span>
     <span class='ocr_line' id='line_1_37' title="bbox 75 1761 928 1808; baseline 0.002 -14"><span class='ocrx_word' id='word_1_249' title='bbox 75 1761 191 1795; x_wconf 81' lang='lat' dir='ltr'>Leniit</span> <span class='ocrx_word' id='word_1_250' title='bbox 205 1773 215 1803; x_wconf 85' lang='lat'>;</span> <span class='ocrx_word' id='word_1_251' title='bbox 239 1761 297 1796; x_wconf 88' lang='lat' dir='ltr'>hic</span> <span class='ocrx_word' id='word_1_252' title='bbox 313 1763 466 1807; x_wconf 87' lang='lat' dir='ltr'>primum</span> <span class='ocrx_word' id='word_1_253' title='bbox 482 1761 609 1797; x_wconf 83' lang='lat' dir='ltr'>AEneas</span> <span class='ocrx_word' id='word_1_254' title='bbox 626 1774 761 1808; x_wconf 81' lang='lat' dir='ltr'>sperare</span> <span class='ocrx_word' id='word_1_255' title='bbox 778 1764 928 1798; x_wconf 82' lang='lat' dir='ltr'>salutem</span> 
     </span>
    </p>
   </div>
   <div class='ocr_carea' id='block_1_3' title="bbox 0 900 47 1927">
    <p class='ocr_par' dir='ltr' id='par_1_3' title="bbox 0 900 47 1927">
     <span class='ocr_line' id='line_1_38' title="bbox 0 900 47 1927; baseline 0 0"><span class='ocrx_word' id='word_1_256' title='bbox 0 900 47 1927; x_wconf 95' lang='lat' dir='ltr'> </span> 
     </span>
    </p>
   </div>
  </div>
 </body>
</html>
