1345 1927
105 72 177 105 3532
416 72 455 107 P.
476 73 677 108 VIRGILII
707 74 921 108 MARONIs

106 140 201 173 Dant
218 142 371 173 sonitum
387 140 483 174 rauci
501 151 560 184 per
577 144 701 184 stagna
719 140 877 185 loquacia
893 140 998 183 cycni.

106 187 123 202 “
139 184 283 227 Immo‚''
302 185 362 227 ait,
381 186 429 219 “o
447 186 571 228 cives‚''
589 190 726 230 arrepto
746 190 896 230 tempore
914 186 1063 230 Turnus,

104 230 259 273 “Cogite
276 231 470 274 concilium,
487 236 522 265 et
539 243 657 276 pacem
676 232 816 266 laudate
834 232 1010 265 sedentes:
1152 233 1223 267 460

71 278 79 284 “
105 275 161 308 Illi
179 276 283 309 armis
301 277 337 310 in
354 288 461 320 regna
478 277 614 311 ruant.”
662 278 734 311 Nec
754 278 855 321 plura
873 278 1010 312 locutus

103 320 275 365 Corripuit
293 333 364 356 sese
381 328 415 356 et
432 323 533 356 tectis
551 324 640 356 citus
658 324 789 356 extulit
805 323 896 357 altis.

101 367 118 383 “
134 366 194 407 Tu,
214 367 351 409 Voluse,
369 369 495 402 armari
514 369 717 402 Volscorum
735 369 830 402 edice
847 368 1011 413 maniplis
1029 380 1036 408 ;

98 411 207 453 Duc‚''
225 413 285 454 ait,
304 414 321 430 “
335 418 370 446 et
389 413 547 448 Rutulos.
598 415 771 456 Equitem,
790 415 980 458 Messapus,
997 414 1033 446 in
1051 414 1165 457 armis,

97 456 140 490 Et
159 469 237 491 cum
255 459 363 492 fratre
382 460 492 501 Coras,
511 459 591 493 latis
609 460 796 494 diffundite
813 460 954 504 campis.

93 501 178 535 Pars
197 503 315 537 aditus
335 504 427 537 urbis
445 505 583 538 firment
602 509 783 549 turresque
800 510 983 549 capessant
1000 517 1007 539 ε

91 547 225 586 Cetera,
245 560 314 592 qua
328 551 434 592 jusso,
452 561 730 590 mccummanus
748 551 877 584 inferat
893 550 1024 584 arma.'’

97 590 199 624 Ilicet
216 592 252 624 in
269 602 385 624 muros
403 595 478 625 tota
495 591 702 625 discurritur
718 592 811 625 urbe.

96 636 290 669 Concilium
307 637 380 680 ipse
398 640 496 680 pater
513 641 548 670 et
565 648 693 680 magna
709 637 850 680 incepta
866 637 1013 671 Latinus

95 681 241 724 Deserit,
259 693 299 716 ac
316 682 409 716 tristi
427 681 588 715 turbatus
606 686 759 726 tempore
777 682 892 716 differt
907 695 915 723 ;
1146 681 1214 715 470

96 726 282 771 Multaque
299 739 334 761 se
351 728 498 770 incusat,
517 728 577 770 qui
594 739 664 761 non
681 728 853 772 acceperit
870 729 962 762 thro

96 773 314 807 Dardanium
331 773 476 815 AEnean,
493 784 730 817 generumque
747 774 933 808 adsciverit
950 774 1038 808 urbi.

97 818 314 852 Praefodiunt
331 819 391 852 alii
409 823 535 862 portam,
552 823 614 852 aut
632 831 716 852 saxa
733 819 902 863 sudesque

97 863 320 898 Subvectant.
362 864 459 897 Bello
477 864 538 897 dat
555 864 694 907 signum
711 877 817 898 rauca
834 869 1018 899 cruentum

96 910 260 944 Buccina.
301 909 390 943 Tum
406 921 522 943 muros
540 911 635 943 varia
652 910 791 944 cinxere
809 922 933 945 corona

97 954 267 989 Matronae
285 955 474 999 puerique;
493 959 592 988 vocat
610 955 707 989 labor
724 956 870 989 ultimus
889 968 1016 990 omnes.

97 1000 131 1034 N
133 1013 170 1035 ec
186 1013 257 1035 non
273 1001 317 1034 ad
335 1001 506 1045 templum
524 1012 744 1045 summasque
762 1002 805 1035 ad
825 1002 978 1036 Palladis
995 1013 1089 1036 arces

97 1046 311 1080 Subvehitur
329 1058 457 1090 magna
474 1050 627 1080 matrum
644 1048 764 1089 regina
783 1052 933 1091 caterva,

97 1092 199 1126 Dona
215 1093 346 1133 ferens3
367 1093 541 1136 juxtaque
558 1103 671 1126 eomes
689 1093 835 1126 Lavinia
852 1094 959 1138 virgo,

99 1138 210 1172 Causa
222 1138 305 1171 mali
324 1137 426 1180 tanti,
444 1137 560 1171 oculos
578 1138 712 1181 dejecta
734 1139 880 1173 decoros.
1152 1139 1221 1172 480

98 1183 299 1217 Succedunt
316 1187 454 1226 matres,
473 1187 507 1216 et
525 1184 698 1227 templum
715 1184 819 1218 thure
837 1189 1016 1229 vaporant,

98 1229 144 1263 Et
161 1233 298 1263 maestas
315 1229 387 1263 alto
404 1229 561 1262 fundunt
579 1229 621 1262 de
638 1229 759 1262 limine
776 1241 875 1264 voces
890 1243 896 1264 :

102 1275 120 1291 “
131 1274 363 1318 Armipotens,
382 1284 505 1317 praeses
523 1272 615 1315 belli,
633 1274 790 1308 Tritonia
806 1275 914 1318 virgo,

101 1320 236 1363 Frange
253 1331 360 1353 manu
379 1319 489 1353 telum
508 1319 653 1363 Phrygii
671 1320 852 1363 praedonis,
871 1324 905 1352 et
924 1321 1040 1363 ipsum

99 1365 252 1398 Pronum
269 1369 382 1398 sterne
400 1365 481 1408 solo,
500 1366 677 1409 portisque
694 1366 833 1399 effunde
850 1365 914 1398 sub
935 1365 1048 1399 altis?

101 1408 264 1452 Cingitur
281 1408 353 1452 ipse
370 1408 488 1442 furens
507 1410 667 1442 certatim
684 1410 720 1443 in
738 1411 860 1454 proelia
877 1412 1024 1446 Turnus.

100 1454 252 1498 Jamque
268 1454 353 1487 adeo
372 1454 546 1487 Rutulum
563 1455 706 1489 thoraca
722 1456 869 1491 indutus
887 1458 1007 1492 ahenis

102 1499 277 1533 Horrebat
294 1500 457 1543 squami3‚
476 1511 641 1544 surasque
658 1501 847 1536 incluserat
863 1515 957 1546 auro,

101 1545 271 1589 Tempora
288 1545 403 1578 nudus
420 1545 535 1579 adhuc
550 1558 558 1586 3
575 1545 746 1591 laterique
763 1549 962 1582 accinxerat
979 1561 1095 1584 ensem
1110 1562 1118 1591 ;

102 1590 342 1634 Fulgebatque
360 1591 432 1624 alta
449 1591 633 1626 decurrens
651 1604 775 1627 aureus
793 1605 870 1628 arce
885 1608 892 1635 3
1151 1596 1220 1629 490

102 1635 337 1679 Exsultatque
354 1637 488 1679 animis,
506 1641 542 1670 et
559 1649 616 1681 spe
629 1639 704 1682 jam
722 1640 881 1683 praecipit
898 1640 1040 1676 hostem.

103 1681 223 1722 Qualis
241 1681 300 1714 ubi
319 1681 475 1726 abruptis
493 1683 586 1726 fugit
604 1685 770 1729 praesepia
788 1685 912 1719 vinclis

102 1726 257 1761 Tandem
274 1727 360 1761 liber
377 1739 495 1772 equus,
514 1739 704 1774 campoque
721 1731 853 1776 potitus
871 1736 990 1777 aperto
