1345 1927
474 57 700 93 AENEIDOS
723 58 812 92 LIB.
838 58 886 92 ΙΙ.
1175 61 1241 92 115

124 125 326 169 Limosoque
341 124 421 159 lacu
436 136 497 169 per
512 129 651 159 noctem
667 124 830 158 obscurus
847 125 885 158 in
901 125 984 159 ulva

124 171 258 205 Delitui
275 171 359 204 dum
375 171 453 204 vela
469 171 602 214 darent,
621 171 650 204 si
665 171 754 204 forte
771 171 955 204 dedissent.

125 216 159 249 N
159 228 197 250 ec
213 216 300 249 mihi
312 217 388 260 jam
404 216 555 260 patriam
571 216 754 260 antiquam
771 228 846 260 spes
863 216 936 252 ulla
953 216 1106 260 videndi,

125 261 197 295 Nec
214 262 332 295 dulces
349 266 449 295 natos
465 266 740 306 exoptatumque
756 266 936 306 parentem
950 274 958 303 ;

126 307 218 348 Quos
234 307 288 340 illi
302 307 372 340 fors
389 307 434 340 ad
450 319 569 351 poenas
586 307 629 341 ob
644 312 763 341 nostra
779 311 959 351 reposcent

124 353 273 396 Effiigia,
291 356 327 386 et
343 353 483 397 culpam
499 353 589 386 hanc
605 353 808 386 miserorum
824 357 934 386 morte
951 352 1108 397 piabunt.
1175 355 1241 387 140

127 399 226 439 Quod
242 402 277 431 te
293 410 354 442 per
371 410 509 442 superos
526 403 562 432 et
578 399 715 432 conscia
731 399 877 432 numina
893 400 974 441 veri,

126 443 200 486 Per,
217 444 246 477 si
262 455 330 487 qua
347 448 408 485 est,
425 455 502 487 quae
518 448 624 477 restet
641 444 756 477 adhuc
773 444 977 478 mortalibus
994 455 1143 488 usquam

127 489 340 523 Intemerata
356 489 450 532 fides,
467 501 535 533 oro,
552 490 712 523 miserere
728 489 886 523 laborum

125 534 316 567 Tantorum
331 546 339 575 ;
363 534 523 568 miserere
538 534 646 567 animi
663 545 734 567 non
752 534 858 577 digna
875 534 1038 567 ferentis.’

171 580 191 596 ''‘
203 579 270 613 His
289 579 439 613 lacrimis
454 580 564 613 vitam
580 580 710 621 damus,
728 584 763 612 et
775 580 1024 613 miserescimus
1041 581 1146 615 ultro.

128 625 208 669 Ipse
224 626 296 658 viro
314 626 445 669 primus
461 626 613 659 manicas
630 629 735 668 atque
751 628 848 657 arcta
865 624 972 657 levari

128 671 253 704 Vincla
264 670 366 712 jubet
382 671 550 714 Priamus,
567 671 739 720 dictisque
755 670 805 703 ita
821 670 918 703 fatur
934 669 1075 703 amicis:

128 706 309 756 ‘Quisquis
326 725 370 755 es,
388 714 528 746 amissos
541 698 652 746 'hinc
637 724 712 756 Jam
729 714 928 747 obliviscere
947 715 1089 748 Graios:

129 756 254 790 Noster
270 757 358 797 eris;
381 757 491 800 mjhiq
493 768 535 790 ue
551 757 626 790 haec
643 757 789 790 edissere
805 768 886 789 vera
902 757 1048 800 roganti.

130 803 205 843 Quo
215 802 341 835 molem
350 783 467 835 ’hanc'
457 802 618 835 immanis
631 802 713 846 equi
727 801 901 835 statuere?
920 802 996 845 quis
1009 802 1152 835 εωοὲετῖ
1179 804 1243 835 150

130 847 265 888 Quidve
281 851 408 891 petunt
422 847 434 881 [l
459 859 536 890 quae
553 847 702 891 religio?
727 851 790 880 aut
807 858 884 891 quae
901 847 1064 881 machina
1081 847 1163 881 belli
1179 848 1203 880 Γ

129 893 284 926 Dixerat.
333 893 398 926 Ille
415 893 502 926 dolis
518 893 710 926 instructus
728 897 763 926 et
779 898 855 926 arte
872 893 1030 937 Pelasga,

130 938 279 972 Sustulit
296 942 420 972 exutas
435 939 559 972 vinclis
575 939 620 972 ad
637 939 749 972 sidera
765 938 898 982 palmas
912 950 919 973 :

129 987 138 1003 ‘
150 986 218 1019 Vos
235 987 355 1019 aeterni
371 987 478 1029 ignes,
495 989 530 1019 et
546 997 616 1019 non
632 985 792 1019 violabile
809 989 963 1017 vestrum

129 1031 248 1065 Testor
263 1031 414 1073 numen‚’
431 1031 482 1064 ait
497 1043 506 1071 ;
531 1031 540 1047 ‘
551 1042 609 1064 vos
625 1042 692 1064 arae
710 1041 874 1072 ensesque
891 1029 1044 1070 nefandi,

132 1075 222 1116 Quos
238 1075 325 1119 fugi,
342 1074 507 1120 vittasque
523 1076 637 1118 deum,
654 1086 740 1119 quas
756 1074 870 1107 hostia
887 1074 977 1117 gessi
992 1086 998 1107 :

131 1121 198 1154 Fas
213 1121 301 1154 mihi
318 1121 498 1155 Graiorum
515 1124 648 1154 sacrata
664 1120 832 1154 resolvere
844 1121 936 1163 jura,

132 1166 198 1200 Fas
214 1166 323 1200 odisse
339 1167 439 1210 viros,
455 1171 561 1210 atque
577 1166 692 1200 omnia
708 1166 796 1199 ferre
813 1165 876 1198 sub
893 1176 1006 1207 auras,

131 1211 168 1245 Si
185 1223 253 1256 qua.
269 1216 415 1256 tegunt:
432 1217 551 1246 teneor
566 1212 689 1256 patriae
705 1223 769 1244 nec
785 1211 919 1254 legibus
936 1211 1026 1245 ullis.

131 1257 185 1290 Tu
200 1258 301 1291 modo
317 1259 491 1302 promissis
507 1269 657 1300 maneas,
674 1261 879 1300 servataque
896 1268 1008 1289 serves
1183 1257 1250 1289 160

131 1303 208 1346 Troj
212 1315 233 1336 a
248 1303 362 1346 fidem,
379 1304 407 1337 si
423 1315 504 1338 vera
520 1304 639 1346 feram,
655 1303 684 1336 si
699 1314 828 1345 magna
843 1302 1042 1351 rependam.

179 1315 207 1364 “J
214 1349 223 1365 ‘
236 1348 355 1382 Omnis
372 1359 447 1391 spes
466 1348 630 1380 Danaum
646 1350 681 1379 et
697 1347 802 1390 coepti
818 1345 946 1379 fiducia
962 1345 1044 1377 belli

132 1393 285 1427 Palladis
302 1392 443 1426 auxiliis
460 1402 593 1435 semper
609 1390 716 1424 stetit.
766 1389 900 1433 Impius
918 1400 961 1421 ex
978 1399 1046 1432 quo

132 1439 281 1483 Tydides
298 1438 358 1472 sed
374 1437 477 1480 enim,
494 1437 729 1480 scelerumque
745 1435 906 1468 inventor
923 1434 1054 1478 Ulixes,

132 1485 254 1518 Fatale
271 1483 423 1528 aggressi
439 1487 572 1516 sacrato
589 1481 736 1515 avellere
751 1480 882 1525 templo

134 1530 344 1572 Palladium,
363 1529 458 1562 caesis
476 1539 619 1562 summae
637 1527 836 1560 custodibus
854 1525 951 1568 arcis,

134 1577 337 1620 Corripuere
354 1586 486 1608 sacram
503 1574 662 1617 effigiem,
678 1572 909 1616 manibusque
926 1571 1079 1606 cruentis

135 1622 319 1666 Virgineas
336 1620 413 1654 ausi
429 1621 519 1653 divae
536 1620 736 1662 contingere
752 1618 883 1654 vittas:

136 1668 191 1701 Ex
206 1667 267 1701 1110
283 1666 390 1700 fluere
407 1677 447 1700 ac
463 1669 554 1699 retro
572 1664 734 1717 sublapsa
749 1663 869 1697 referri

135 1713 221 1759 Spes
236 1713 410 1755 Danaum,
427 1712 547 1745 fractae
565 1711 664 1753 vises,
681 1721 801 1744 aversa
818 1709 891 1743 deae
907 1719 1013 1743 mens.
1188 1712 1254 1747 170
