1345 1927
122 91 167 123 58
430 87 469 122 Ρ.
496 88 701 122 VIRGILII
726 89 940 124 MARONIS

124 154 363 199 Gangaridum
379 155 516 198 faciam,
534 157 742 201 victorisque
759 169 855 192 arma
873 158 1032 200 Quirini;

123 201 240 245 Atque
257 201 315 234 hic
331 201 525 235 undantem
541 202 630 235 bello
647 214 883 247 mag-numque
899 204 1067 237 fluentem

124 246 255 290 Nilum,
273 258 313 280 ac
329 247 448 280 navali
465 251 645 290 surgentes
662 259 729 281 aere
747 249 934 283 columnas.

123 292 262 325 Addam
278 291 380 325 urbes
398 293 489 326 Asiae
507 293 655 327 domitas
672 294 882 346 pulsumque
899 295 1089 348 Niphaten,

123 337 377 382 Fidentemque
393 339 479 382 fuga
497 338 564 372 Pa1
568 339 669 372 thum
686 351 746 373 ver
748 340 861 384 sisque
879 341 1025 384 sagittis,

123 383 171 417 Et
188 384 257 417 duo
272 388 375 428 rapta
391 396 500 418 manu
517 385 650 418 diverso
668 397 712 418 ex
728 385 827 419 hoste
844 390 984 430 tropaea,

123 429 253 473 Bisque
270 430 505 474 triumphatas
521 435 670 475 utroque
687 430 730 464 ab
747 431 849 465 litore
866 436 996 475 gentes.

124 475 277 510 Stabunt
294 479 329 509 et
346 476 441 509 Parii
458 476 600 520 lapides,
619 477 789 521 spirantia
807 478 916 521 signa,

123 522 284 555 Assaraci
301 521 422 566 proles,
440 522 665 566 demissaeque
682 522 726 556 ab
743 523 832 557 Jove
837 505 964 567 egentis

123 567 283 611 Nomina,
302 568 452 611 Trosque
469 580 603 612 parens,
621 573 656 602 et
674 569 782 612 Trojae
802 569 973 612 Cynthius
990 572 1119 603 auctor.

125 613 265 647 Invidia
281 614 407 646 infelix
424 613 548 647 Furias
565 625 773 670 amnemque
791 626 949 648 severum

124 659 245 703 Cocyti
260 663 404 702 metuet,
422 663 599 704 tortosque
618 660 750 693 huonis
768 672 910 704 angues,

124 705 386 749 Immanemque
402 709 526 749 rotam,
543 710 578 739 et
595 717 665 739 non
682 706 923 750 exsuperabile
941 717 1075 740 saxum.

125 751 264 785 Interea
281 751 463 795 Dryadum
480 752 584 785 silvas
602 752 780 796 saltusque
798 763 984 796 sequamur

125 796 290 841 Intactos,
308 801 381 840 tua,
398 797 582 841 Maecenas,
599 798 695 831 haud
712 799 832 831 mollia
843 800 942 841 jussa
956 810 963 831 :

123 843 171 876 Te
189 844 262 876 sine
279 843 330 876 nil
347 843 460 877 altum
476 855 574 877 mens
591 844 741 878 inchoat.
790 844 845 877 En
862 855 936 887 age,
955 854 1076 887 segnes

125 889 261 933 Rumpe
278 901 413 931 mora33
438 893 540 924 vocat
557 890 694 933 ingenti
710 890 741 923 cl
744 901 860 923 amore
878 871 1062 933 Cit'haemn,

125 935 341 979 Taygetique
357 947 469 979 canes,
487 936 723 980 domitrixque
741 936 940 980 Epidaurus
957 947 1147 987 equorum·
1139 961 1148 977 ,

124 980 171 1014 Et
188 993 256 1014 vox
273 993 415 1014 assensu
431 992 612 1015 nemorum
630 982 847 1025 ingeminata
862 981 1025 1024 remugit.

124 1026 210 1060 Mox
228 1031 346 1061 tamen
363 1028 524 1062 ardentes
542 1027 706 1071 accingar
723 1028 836 1061 dicere
853 1038 990 1072 pugnas

126 1073 277 1116 0113511115,
295 1077 330 1107 et
347 1085 473 1106 nomen
490 1074 585 1106 fama
602 1077 655 1107 tot
672 1074 761 1106 ferre
781 1085 843 1118 per
859 1084 978 1116 annos,

125 1119 267 1153 Tithoni
285 1119 398 1163 prima
415 1123 500 1163 quot
517 1119 614 1152 abest
631 1119 675 1152 ab
693 1119 825 1163 origine
843 1119 964 1152 Caesar.

172 1165 240 1199 Seu
259 1165 346 1209 quis,
365 1165 578 1210 Olympiacae
594 1147 904 1210 mnatus⁰p1aemja
920 1164 1056 1209 palmae,

125 1211 243 1245 Pascit
261 1223 374 1255 equos,
393 1223 453 1244 seu
470 1211 547 1255 quis
565 1211 617 1244 fol
620 1215 670 1244 tes
688 1211 732 1244 ad
749 1215 866 1245 aratra
877 1212 1069 1254 juvencos·
1061 1236 1070 1252 ‚

127 1257 275 1301 Corpora
291 1257 465 1301 praecipue
481 1261 636 1290 matrum
653 1257 756 1300 legat.
807 1257 949 1301 Optima
965 1260 1073 1289 torvae

126 1303 251 1337 Forma
267 1303 374 1347 bovis,
393 1303 450 1336 cui
467 1307 570 1347 turpe
588 1307 703 1346 caput,
721 1303 778 1336 cui
794 1302 947 1347 plurima
964 1302 1092 1346 cervix,

125 1349 172 1383 Et
189 1361 330 1382 crurum
348 1353 449 1382 tenus
467 1360 488 1382 a
504 1352 622 1382 mento
639 1349 792 1393 palearia
809 1348 964 1393 pendent
980 1360 989 1389 ;

126 1395 216 1428 Tum
232 1395 336 1439 longo
353 1395 472 1428 nullus
488 1395 591 1428 lateri
607 1395 730 1428 modus
745 1407 753 1436 ;
779 1395 896 1428 omnia
911 1405 1040 1437 magna
1053 1405 1062 1435 ;

127 1441 192 1475 Pes
209 1441 326 1484 etiam,
344 1445 379 1474 et
397 1441 546 1474 camuris
563 1440 666 1474 hjrtae
684 1441 748 1474 sub
766 1439 926 1474 cornibus
944 1451 1053 1474 aures.

127 1487 199 1521 Nec
215 1487 303 1520 mihi
321 1487 506 1531 displiceat
522 1486 669 1520 maculis
686 1486 832 1530 insignis
850 1489 885 1519 et
902 1485 990 1528 albo,

126 1534 201 1567 Aut
213 1534 302 1576 juga
319 1533 526 1575 detrectans,
544 1533 791 1576 interdumque
807 1543 928 1576 aspera
946 1542 1063 1575 cornu,

127 1579 174 1612 Et
191 1579 316 1612 faciem
333 1583 433 1612 tauro
450 1579 589 1623 propior
601 1590 612 1621 ;
637 1589 784 1622 quaeque
801 1578 911 1611 ardua
928 1581 1013 1621 tota,

128 1625 175 1658 Et
192 1625 353 1668 gradiens
371 1625 442 1658 ima
458 1624 566 1658 verrit
583 1624 732 1667 vestigia
749 1624 870 1658 cauda.

127 1671 229 1704 AEtas
247 1671 417 1704 Lucinam
429 1671 611 1714 justosque
628 1671 703 1714 pati
720 1670 917 1714 hymenaeos

128 1716 266 1750 Desinit
283 1721 365 1750 ante
382 1717 510 1759 decem,
529 1721 608 1760 post
625 1720 775 1760 quatuor
791 1715 915 1760 incipit
931 1725 1041 1748 annos
1054 1727 1065 1756 ;

129 1762 251 1797 Cetera
267 1774 331 1797 nec
347 1763 471 1797 feturae
488 1762 625 1807 habilis,
643 1773 706 1796 1100
723 1762 822 1796 fortis
839 1761 973 1796 aratris.

1205 297 1250 330 30

1177 754 1253 786 -40

1209 1212 1254 1244 50

1211 1669 1256 1702 60

1336 831 1345 899 ...na

1326 1262 1340 1356 ,ται-ι-
