1320 1932
425 87 646 121 AENEIDOS
670 87 757 121 LIB.
775 87 817 122 X
1115 88 1181 120 309

67 152 199 196 AEgeon
216 154 339 198 qualis,
356 158 497 188 centum
513 155 571 187 cui
587 154 729 188 brachia
745 155 868 188 dicunt

68 198 304 243 Centenasque
320 211 454 242 manus,
471 200 728 243 quinquaginta
744 197 859 233 oribus
875 200 992 243 ignem

65 243 338 288 Pectoribusque
355 246 486 288 arsisse,
504 245 530 278 J
531 246 603 278 ovis
620 257 730 289 quum
745 245 896 278 fulmina
913 252 1033 278 contra,

66 288 131 322 Tot
147 290 289 333 paribus
306 294 474 334 streperet
489 290 619 334 clipeis,
637 295 690 324 tot
707 291 893 334 stringeret
909 302 1006 324 enses
1021 301 1027 323 :

65 333 122 367 Sic
138 339 212 368 toto
227 335 356 369 AEneas
373 336 517 369 desaevit
533 336 571 369 in
587 347 723 379 aequore
740 336 858 378 victor,

65 379 114 413 Ut
131 381 235 413 semel
252 381 405 425 intepuit
421 393 548 415 mucro.
591 382 685 422 Quin
702 393 780 415 ecce
797 381 831 414 N
832 381 938 425 iphaei
1113 382 1179 414 570

66 424 296 469 Quadrijuges
312 427 350 460 in
367 438 470 470 equos
487 427 698 471 adversaque
715 431 855 471 pectora
871 426 986 460 tendit
1000 438 1007 459 :

64 470 183 514 Atque
199 471 253 504 illi
269 472 371 515 longe
387 473 603 515 gradientem
620 478 655 506 et
672 473 747 505 dira
762 473 969 505 frementem

65 515 114 549 Ut
130 516 255 560 videre,
272 522 370 550 metu
387 519 476 551 versi
490 524 651 562 retroque
666 522 806 551 ruentes

64 560 330 606 Effundunt-‚que
346 563 478 606 ducem,
495 565 706 608 rapiuntque
723 563 767 596 ad
784 563 886 596 litora
902 573 1032 596 curruS.

66 606 205 641 Interea
221 607 349 652 bijugis
365 609 472 642 infert
488 621 522 642 se
540 609 700 652 Lucagus
718 609 805 642 albis

67 652 109 686 [n
125 653 266 697 medios,
283 654 460 698 fraterque
477 655 579 698 Liger
594 667 602 695 ;
628 655 686 687 sed
702 654 811 688 frater
828 654 971 687 habenis

67 696 194 731 Flectit
211 710 324 742 equos,
337 700 497 732 strictum
513 704 606 733 rotat
622 711 700 733 acer
717 700 876 743 Lucagus
894 711 1020 734 ensem.

68 742 172 777 Haud
190 744 274 778 tulit
291 745 418 778 AEneas
436 750 534 778 tanto
551 746 683 778 fervore
699 745 854 778 furentes
869 757 875 778 :

67 788 186 831 Irruit,
204 790 414 834 adversaque
431 790 554 834 ingens
571 790 734 834 apparuit
751 790 860 823 hasta.

66 833 130 868 Cui
142 834 260 877 Liger:
1111 836 1177 868 580

67 883 85 898 ·‘
99 880 178 913 Non
194 879 371 913 Diomedis
389 890 502 922 equOS,
518 890 581 912 nec
598 890 717 912 currus
734 879 845 911 cernis
862 878 1002 921 Achilli,

67 927 140 958 Aut
157 925 319 968 Phrygiae
337 928 474 968 campos
488 937 494 957 :
520 935 614 957 nunc
630 924 714 956 belli
729 924 808 956 finis
826 929 860 957 et
877 925 943 957 aevi

69 971 135 1004 His
152 970 291 1003 dabitur
309 969 438 1003 terris.'’
490 969 624 1003 Vesano
642 969 726 1002 talia
743 969 813 1002 late

64 1013 169 1048 Dicta
185 1014 305 1048 volant
322 1015 436 1058 Ligeri
451 1027 457 1047 :
484 1015 542 1047 sed
559 1026 629 1047 non
645 1019 680 1047 et
698 1014 820 1047 Troius
836 1013 935 1046 heros

64 1059 168 1093 Dicta
183 1064 285 1103 parat
302 1064 420 1094 contra
435 1073 443 1101 ;
463 1060 622 1103 jaculum
638 1071 721 1093 nam
736 1063 874 1103 torquet
890 1059 927 1091 in
945 1058 1087 1091 hostem.

65 1104 225 1149 Lucagus
242 1109 282 1138 ut
298 1117 425 1149 pronus
441 1106 594 1149 pendens
610 1105 647 1138 in
664 1104 805 1138 verbera
821 1104 890 1137 telo

64 1150 257 1184 Admonuit
273 1151 408 1195 bijugos
422 1164 430 1192 ς
455 1153 606 1194 projecto
623 1151 708 1183 dum
723 1150 810 1194 pede
826 1150 913 1183 laevo

65 1196 176 1240 Aptat
193 1208 228 1229 se
245 1202 370 1240 pugn'ae
383 1209 391 1237 3
417 1197 510 1229 subit
528 1208 602 1229 oras
619 1196 719 1229 hasta
735 1207 796 1239 per
813 1196 900 1228 imas

65 1241 93 1274 F
94 1242 248 1285 ulgentis
265 1242 376 1286 clipei,
394 1247 472 1275 tum
488 1242 616 1275 laevum
632 1241 785 1285 perforat
800 1241 932 1283 inguen
946 1252 954 1280 ;

65 1287 241 1320 Excussus
258 1299 362 1321 curru
378 1287 604 1320 moribundus
621 1287 772 1320 volvitur
788 1286 888 1319 arvis.
1108 1287 1176 1319 590

66 1333 177 1374 Quem
193 1334 271 1377 pius
288 1333 414 1367 AEneas
432 1333 534 1366 dictis
551 1333 678 1366 affatur
694 1332 840 1365 amaris:

66 1381 84 1397 “
97 1380 242 1421 Lucage,
259 1377 357 1411 nulla
374 1382 451 1410 tuos
468 1388 588 1410 currus
605 1376 691 1419 fuga
707 1377 821 1418 segnis
839 1385 1006 1418 equorum

66 1424 234 1465 Prodidit,
251 1429 314 1456 aut
331 1434 430 1456 vanae
446 1427 577 1456 vertere
594 1433 637 1455 ex
654 1421 810 1454 hostibus
828 1431 977 1453 umbrae:

67 1471 146 1514 Ipse
161 1470 245 1502 rotis
262 1469 386 1501 saliens
398 1470 485 1511 juga
502 1466 659 1501 dese1·iS.''
711 1467 796 1499 Haec
812 1466 864 1499 ita
879 1466 974 1498 fatus

64 1515 223 1558 Arripuit
239 1514 382 1557 bijugos.
424 1514 545 1546 Frater
563 1511 727 1546 tendebat
742 1512 889 1544 inermes

66 1561 198 1594 Infelix
214 1559 356 1604 palmas.
375 1571 478 1592 curru
496 1558 656 1601 delapsus
672 1557 811 1591 eodem:

62 1605 81 1622 ⁴⁴
93 1604 159 1638 Per
175 1608 220 1646 te,
238 1614 299 1647 per
315 1602 375 1645 qui
392 1607 427 1635 te
444 1602 550 1635 talem
568 1613 718 1645 genuere
735 1605 907 1645 parentes,

64 1650 126 1683 Vir
142 1650 297 1693 Trojane,
315 1648 389 1681 sine
405 1648 495 1680 hanc
512 1648 673 1689 animam,
690 1652 725 1680 et
741 1648 901 1680 miserere
917 1647 1122 1691 precantis.”

63 1694 225 1728 Pluribus
242 1694 355 1727 oranti
375 1693 499 1726 AEneas
513 1706 519 1727 z
546 1695 563 1709 “
578 1693 684 1726 Haud
701 1693 788 1726 talia
804 1693 937 1725 dudum

63 1740 167 1774 Dicta
184 1739 298 1773 dabas.
346 1739 489 1781 Morere,
507 1747 541 1772 et
558 1739 702 1772 fiatrem
717 1750 761 1772 ne
778 1738 894 1772 desere
910 1738 1049 1773 frater.’'
1109 1740 1176 1772 600
