1345 1927
123 63 125 66 “
161 73 229 105 290
470 71 507 107 P.
533 72 739 106 VIRGILH
765 72 979 108 MARONIS

163 138 282 180 Qualis
300 138 337 172 in
355 138 508 173 Euboico
525 139 690 173 Baiarum
708 140 809 174 litore
826 140 1002 183 quondam

162 185 275 218 Saxea
291 184 363 228 pila
380 185 484 228 cadit,
500 185 636 228 magnis
653 196 758 237 quam
774 185 922 218 molibus
939 189 1022 219 ante

163 230 404 264 Constructam
421 234 526 274 ponto
538 231 701 274 jaciunt;
727 231 774 263 sic
791 231 853 264 illa
869 231 1007 264 ruinam

163 275 277 309 Prona
293 275 413 319 trahit,
430 276 636 328 penitusque
655 276 751 309 vadis
769 276 861 309 illisa
877 275 1072 317 recumbit;

163 321 314 354 Miscent
331 332 365 354 se
382 321 501 364 maria,
519 325 554 354 et
570 321 677 364 nigrae
696 321 909 355 attolluntur
925 333 1047 355 arenae.

163 367 253 400 Tum
271 367 386 400 sonitu
403 366 583 419 Prochyta
595 367 667 400 alta
685 368 812 408 tremit,
831 367 1027 411 durumque
1044 366 1158 401 cubile

165 412 317 446 Inarime
334 412 359 445 J
361 423 432 446 0V1s
450 412 604 456 imperiis
622 412 772 456 imposta
788 412 951 456 Typhoeo.

212 458 281 490 Hic
298 457 393 491 Mars
410 458 621 501 armipotens
638 458 794 491 animum
811 458 970 502 viresque
987 458 1122 492 Latinis

165 503 322 545 Addidit,
340 506 375 536 et
393 503 551 536 stimulos
569 514 663 536 acres
681 503 745 536 sub
762 507 902 546 pectore
920 504 1026 537 vertit
1041 516 1049 545 ;

166 549 384 592 Immisitque
400 549 523 591 fugam
539 548 680 581 Teucris
697 552 883 591 atrumque
901 550 1069 584 timorem.

166 594 329 636 Undique
346 593 559 627 conveniunt
574 605 581 633 3
607 594 772 637 quoniam
789 594 872 628 data
889 595 987 639 copia
1005 605 1143 639 pugnae,

165 639 388 683 Bellatorque
405 639 537 672 animos
554 639 639 672 deus
656 639 791 672 incidit.

166 685 347 718 Pandarus
364 688 405 718 ut
421 684 497 717 fuso
515 695 720 727 germanum
738 696 878 729 corpore
895 686 1015 728 cernit,

166 730 212 764 Et
230 741 297 774 quo
315 730 360 763 sit
377 730 518 763 fortuna
534 729 619 773 loco,
638 730 698 773 qui
715 742 814 763 casus
832 734 915 774 agat
931 742 985 764 res
1000 743 1009 772 ;

168 775 310 809 Portam
327 776 362 808 vi
378 775 492 808 multa
509 786 671 809 converso
688 776 829 809 cardine
846 780 994 820 torquet,

167 821 325 854 Obnixus
341 821 423 854 latis
440 821 603 864 humeris,
620 821 816 864 multosque
834 833 975 855 suorum

167 866 341 900 Moenibus
359 866 515 900 exclusos
532 866 618 900 duro
635 866 672 899 in
690 867 877 900 certamine
894 867 1046 911 linquit,
1038 880 1046 888 ·

166 912 231 946 Ast
247 912 332 946 alios
349 923 465 945 secum
483 911 632 945 includit
649 912 842 956 recipitque
859 917 1009 956 ruentes,

166 957 337 991 Demens.
331 958 337 981 ¹
364 957 425 1001 qui
443 957 642 990 Rutulum
633 968 670 990 ln
686 958 800 991 medio
817 969 885 991 non
903 959 1041 1001 agmine
1058 970 1174 1003 regem

168 1003 303 1036 Viderit
320 1003 579 1046 irrumpentem,
597 1002 758 1047 ultroque
775 1003 956 1037 incluserit
974 1004 1072 1039 urbi:

168 1048 361 1082 Immanem
379 1048 489 1081 veluti
506 1059 629 1092 pecora
645 1048 737 1081 inter
753 1049 880 1083 inertia
897 1050 1025 1093 tigrim.

168 1094 340 1127 Continuo
357 1105 446 1127 nova
462 1093 526 1126 lux
543 1094 651 1127 oculis
669 1094 808 1137 effulsit,
826 1099 862 1128 et
878 1106 975 1128 arma

168 1139 390 1172 Horrendum
409 1150 573 1173 sonuere:
598 1143 754 1173 tremunt
772 1140 808 1173 in
826 1141 954 1174 vertice
972 1141 1084 1175 cristae

168 1185 384 1228 Sanguineae,
403 1185 583 1228 clipeoque
599 1185 767 1218 micantia
783 1186 933 1220 fulmina
948 1187 1107 1220 mittunt.

167 1231 373 1274 Agnoscunt
388 1230 539 1263 faciem
530 1230 678 1264 invisam
696 1235 801 1275 atque
818 1232 985 1265 immania
1001 1233 1155 1266 membra

168 1275 314 1309 Turbati
331 1275 445 1309 subito
462 1275 636 1310 AEneadae.
685 1276 773 1309 Tum
791 1276 996 1312 Pandarus
987 1289 1109 1322 mgens

169 1321 316 1364 Emicat,
335 1324 370 1354 et
385 1321 506 1354 mortis
523 1322 685 1355 fraternae
702 1322 883 1356 fervidus
873 1335 925 1357 ira

169 1368 325 1401 Effatur:
352 1368 460 1401 “Non
477 1368 551 1402 haec
569 1368 694 1402 dotalis
711 1368 806 1409 regia
824 1368 985 1407 Amatae;

170 1413 241 1447 Nec
258 1413 366 1446 muris
384 1413 521 1446 cohibet
538 1413 660 1457 patriis
676 1413 789 1446 media
807 1412 920 1445 Ardea
937 1392 1104 1445 Turnum

173 1458 323 1492 Castra
314 1459 454 1492 mimica
472 1458 592 1499 vides;
617 1458 715 1491 nulla
732 1457 813 1491 hinc
831 1458 924 1490 exire
941 1455 1125 1501 potestas.”

172 1504 243 1538 Olli
260 1503 439 1537 subridens
457 1503 574 1537 sedato
591 1508 728 1547 pectore
746 1503 910 1536 Turnus:

203 1549 333 1593 Incipe,
351 1549 380 1582 si
397 1560 466 1592 qua
483 1549 598 1582 animo
616 1549 737 1591 virtus,
754 1551 788 1581 et
806 1559 943 1581 consere
961 1547 1142 1588 dextram,

173 1593 241 1627 Hic
259 1594 364 1628 etiam
382 1595 563 1627 inventum
582 1594 719 1627 Priamo
736 1593 890 1626 narrabis
908 1592 1108 1626 Achillemss’

173 1638 327 1671 Dixerat
376 1637 441 1670 Ille
457 1637 577 1670 rudem
597 1637 694 1670 nodis
711 1641 746 1671 et
764 1639 888 1671 cortice
906 1640 1012 1672 crudo

176 1681 357 1726 Intorquet
375 1683 517 1715 summis
535 1683 684 1716 adnixus
702 1683 832 1716 viribus
849 1683 995 1718 hastam.

174 1727 350 1773 Excepere
367 1739 460 1763 aurae
474 1740 484 1771 5
510 1728 637 1762 vulnus
655 1727 820 1763 Saturnia
837 1729 862 1763 J
864 1741 933 1763 uno

1216 138 1283 172 710

1217 595 1284 629 720

1219 1051 1287 1085 730
1322 1038 1323 1078 ἒ

1220 1502 1345 1554 7402}
