1345 1927
102 77 166 109 168
407 73 444 108 P.
471 73 674 107 VIRGILII
702 71 914 105 MARONIS

100 137 273 172 Praeterea
290 138 385 171 fuit·
377 149 413 171 ιιι
431 138 532 172 tectis
550 137 592 171 de
610 149 778 170 marmore
796 137 969 180 templum

101 183 266 227 Conjugis
283 184 431 236 antiqui,
448 184 535 217 miro
552 183 644 227 quod
663 184 790 215 honore
807 181 952 224 colebat,
991 197 996 201 ·

101 228 296 262 Velleribus
314 230 424 262 niveis
441 233 476 263 et
494 229 584 263 festa
602 229 724 262 fronde
741 228 959 261 revinctum:

102 274 197 308 Hinc
214 275 373 308 exaudiri
391 286 489 308 voces
507 280 542 308 et
559 275 664 308 verba
682 274 837 307 vocantis
1155 273 1224 308 460

103 319 187 354 Visa
203 320 279 363 viri,
297 332 366 354 nox
384 332 492 364 quum
510 325 619 354 terras
637 319 780 353 obscura
798 321 954 352 teneret:

102 365 250 410 Solaque
269 366 480 399 culminibus
497 366 595 399 ferali
613 366 765 399 carmine
783 365 875 397 bubo

103 411 201 456 Saepe
219 412 325 455 queri,
344 416 379 445 et
396 412 516 455 longas
533 412 569 445 in
587 411 709 444 fletum
727 411 852 444 ducere
869 420 977 444 voces.

102 456 288 499 Multaque
305 462 472 501 praeterea
489 462 610 490 vatum
628 457 795 501 praedicta
812 456 947 500 piorum

102 502 263 536 Terribili
279 503 416 536 monitu
434 503 643 536 horrificant.
686 503 770 545 Agit
787 502 860 546 ipse
876 502 1052 535 furentem

103 547 147 582 In
165 548 293 581 somnis
310 548 404 581 ferus
421 548 571 589 AEneas,
564 561 570 567 ·
597 559 799 592 semperque
815 547 967 591 relinqui

103 593 184 628 Sola
201 593 277 635 sibi,
295 605 429 637 semper
445 593 585 637 longam
603 594 807 627 incomitata
824 593 964 626 videtur

106 638 163 672 Ire
179 651 282 681 viam,
301 643 336 672 et
353 639 473 683 Tyrios
491 640 626 673 deserta
644 650 796 682 quaerere
814 642 915 671 terra.

103 684 341 718 Eumenidum
358 685 470 718 veluti
487 685 627 718 demens
645 685 741 718 videt
759 684 899 728 agmina
917 682 1104 727 Pentheus,

105 730 152 765 Et
168 730 275 764 solem
291 731 481 775 geminum,
499 734 535 764 et
551 731 706 775 duplices
725 742 759 763 se
777 730 956 763 ostendere
973 728 1131 772 Thebas3
1156 731 1225 763 470

106 778 179 811 Aut
196 777 491 820 Agamemnonius
509 777 618 809 scenis
635 776 790 820 agitatus
809 776 954 815 Orestes,

105 822 287 856 Amatam
303 822 437 855 facibus
454 826 600 855 matrem
618 826 653 855 et
671 821 886 865 serpentibus
903 820 987 854 atris

107 868 224 910 Quum
240 868 343 912 fugit,
362 868 571 911 ultricesque
589 868 709 901 sedent
727 868 763 900 ιιι
781 867 900 900 limine
919 867 1019 900 Dirae.

152 914 242 957 Ergo
260 913 321 947 ubi
338 914 496 958 concepit
514 914 646 956 Furias,
664 913 777 946 evicta
795 912 920 953 dolore,

83 962 88 965 '
105 959 336 1012 Decrevitque
353 959 448 1002 mori,
467 964 603 1003 tempus
622 970 738 992 secum
754 959 830 1002 ipsa
847 958 1057 1003 modumque

105 1005 237 1048 Exigit,
255 1010 290 1039 et
306 1010 465 1038 maestam
483 1005 585 1038 dictis
602 1016 762 1048 aggressa
781 1015 927 1037 sororem

107 1017 297 1084 Consilium
313 1051 414 1084 vultu
433 1051 531 1094 tegit,
549 1062 589 1084 ac
607 1061 702 1094 spem
718 1050 832 1083 fronte
850 1053 1001 1083 se1enat:

107 1094 126 1110 “
142 1093 279 1135 Inveni,
297 1105 471 1137 germana,
492 1096 534 1127 vi·
536 1106 681 1137 ιιιι-ςιι
682 1102 767 1128 tare
786 1095 940 1128 sormi-

107 1136 192 1177 Quae
208 1120 296 1170 milii
313 1137 437 1171 reddat
454 1149 543 1180 eum,
562 1138 617 1171 vel
634 1148 673 1170 eo
689 1149 745 1170 me
762 1137 873 1171 solvat
890 1141 1076 1172 amantem.

108 1182 236 1216 Oceani
252 1182 357 1216 finem
370 1184 478 1226 juxta
494 1165 668 1227 solemque
686 1183 868 1216 cadentem
1157 1187 1227 1218 480

107 1227 261 1261 Ultimus
279 1228 485 1273 AEthiopum
502 1229 597 1262 locus
615 1232 676 1262 est.
695 1228 754 1261 ubi
772 1229 946 1261 maximus
964 1229 1063 1263 Atlas

106 1273 219 1306 Axem
235 1273 379 1307 humero
396 1278 535 1318 torquet
553 1274 662 1308 steHis
679 1274 880 1307 ardentibus
897 1278 1042 1319 aptum:

107 1319 201 1352 Hinc
217 1320 306 1352 mihi
322 1319 484 1363 Massylae
502 1320 616 1363 gentis
632 1331 730 1353 mons
717 1325 825 1353 trata
843 1320 1010 1364 sacerdos,

108 1365 340 1409 Hesperidum
358 1366 480 1410 templi
497 1370 621 1400 custos.
639 1366 827 1410 epulasque
845 1366 985 1399 draconi

107 1410 193 1451 Quae
211 1411 326 1454 dabat,
344 1416 380 1444 et
397 1423 508 1445 sacros
526 1411 712 1445 servabat'
703 1423 739 1444 ιιι
756 1412 875 1445 arbore
892 1423 1014 1455 ramos,

106 1456 279 1500 Spargens
296 1438 442 1490 h⁷umida
458 1457 562 1490 mella
580 1458 876 1501 soporiferumque
892 1469 1053 1502 papaver.

91 1502 193 1535 ,Haec
210 1514 246 1535 se
262 1503 474 1536 carminibus
491 1503 666 1547 promittit
684 1503 813 1537 solvere
829 1508 973 1546 mentes,

107 1548 199 1588 Quas
216 1548 302 1581 velit
316 1560 323 1582 ε
349 1553 402 1582 ast
419 1549 496 1582 aliis
514 1549 616 1582 duras
634 1549 825 1582 immittere
842 1559 942 1582 curas
956 1562 965 1591 ;

106 1593 233 1628 Sistere
250 1605 377 1638 aquam
393 1594 521 1639 fluviis,
536 1600 571 1628 et
588 1600 720 1628 vertere
738 1595 849 1628 sidera
865 1598 956 1628 retro
970 1606 979 1636 3

105 1639 371 1684 Nocturnosque
388 1641 456 1673 ciet
472 1652 590 1674 manes
605 1653 613 1681 3
638 1641 774 1684 mugire
791 1640 922 1674 videbis
1157 1644 1225 1676 490

107 1684 177 1718 Sub
195 1685 340 1729 pedibus
357 1690 496 1729 terram,
513 1692 548 1719 et
565 1687 770 1719 descendere
786 1686 962 1720 montibus
979 1698 1089 1721 ornos,

106 1730 235 1774 Testor,
252 1742 341 1775 cara,
359 1732 448 1775 deOS,
466 1736 500 1766 et
518 1736 562 1775 te,
579 1744 754 1776 germana,
773 1736 943 1777 tuumque
