1320 1932
557 77 718 112 OULEX.
1126 81 1192 112 385

80 144 241 178 Oorruere
258 148 293 178 et
310 145 359 178 sol
376 145 418 177 iis
436 148 470 178 et
488 145 599 178 sidera
616 149 743 178 cuncta
760 144 950 187 minantur,
1123 148 1191 180 350

79 190 130 223 Ac
148 191 243 223 venit
260 191 296 223 in
314 194 421 223 terras
439 190 515 223 coeli
531 190 654 233 fragor.
704 190 780 223 Hoc
796 191 896 223 modo
914 191 995 224 laeta

79 236 184 280 Copia
200 247 294 269 nunc
310 236 443 269 miseris
460 236 696 268 circumdatur
713 235 819 268 anxia
835 236 927 279 fatis,

78 281 348 325 Immoriturque
365 292 467 325 super
483 281 620 324 fluetus,
638 285 673 314 et
691 292 774 314 saxa
792 281 970 325 capharei,

77 327 249 360 Euboicas
266 332 300 360 et
317 338 378 371 per
394 331 511 359 cautes
529 327 721 370 Heraeaque
737 327 808 359 late
937 348 956 367 .

77 372 195 406 Litora
205 385 213 413 ;
239 384 347 416 quum
364 372 525 416 Phrygiae
542 373 670 416 passim
687 383 776 415 vaga
793 372 910 415 praeda
926 377 1089 416 peremtae

78 418 244 451 Fluctuat
261 418 370 451 omnis
387 417 424 450 in
442 429 597 461 aequoreo
609 419 684 461 jam
701 418 873 461 naufraga
889 422 1015 452 tractu.

78 464 147 496 Hic
164 464 224 497 alii
243 464 362 496 sidunt
378 463 503 507 pariles
520 463 661 496 virtutis
678 463 806 496 honore

78 509 220 552 Heroe's‚
236 509 428 552 mediisque
446 509 504 542 siti
521 513 603 541 sunt
621 509 757 542 sedibus
775 520 901 552 omnes,

78 555 204 588 Omnes
223 555 332 588 Roma
350 555 454 587 decus
471 555 591 597 magni
608 566 692 598 quos
711 555 855 598 suscipit
872 555 971 588 orbis.

77 600 146 633 Hic
163 600 263 634 Fabii
281 600 456 644 Deciique,
474 600 532 632 hic
549 604 601 632 est
618 604 653 633 et
672 600 819 633 Horatia
836 600 956 643 virtus,
1121 604 1188 635 360

77 645 146 679 Hic
164 650 198 679 et
215 646 309 679 fama
325 651 425 679 vetus
442 657 623 689 nunquam
639 646 806 678 moritura
825 646 980 687 Camilli3

78 691 218 724 Curtius
235 696 279 734 et,
296 691 418 724 mediis
436 702 537 734 quem
555 691 729 734 quondam
748 691 884 724 sedibus
901 691 996 724 urbis

76 737 249 770 Devotum
266 737 365 770 bellis
383 737 571 769 consumsit
588 737 737 780 gurgitis
755 737 911 780 haustus,

76 782 215 815 Mucius
233 786 268 816 et
284 783 435 826 prudens
453 782 607 815 ardorem
626 793 764 825 corpore
780 794 910 826 passus,

77 828 247 872 Legitime
264 828 365 861 cessit
383 828 439 860 eui
455 828 567 860 fracta
583 827 740 871 potentia
756 828 864 870 regis:

76 874 146 907 Hic
164 873 286 906 Curius
304 873 404 906 elarae
422 873 531 906 socius
548 873 699 915 virtutis,
717 877 752 905 et
769 873 827 905 ille

76 919 281 962 Flaminius,
299 919 423 952 devota
440 918 536 951 dedit
554 918 614 962 qui
631 929 771 962 corpora
788 918 945 953 fiammae.

76 965 102 999 J
103 976 164 998 ure
181 965 290 1008 igitur
306 964 392 997 tales
411 964 505 997 sedes
522 964 662 1008 pietatis
680 964 835 998 honorat.

77 1010 155 1044 Illic
173 1010 412 1054 Scipiadaeque
429 1010 542 1052 duces,
561 1010 684 1042 devota
701 1010 888 1053 triumphis

76 1056 208 1089 Moenia
225 1067 308 1099 quos
324 1056 462 1099 rapidos
479 1055 616 1098 Libycae
635 1055 853 1098 Carthaginis
871 1055 1022 1089 horrent.
1123 1059 1190 1090 370

77 1102 135 1134 Illi
152 1101 255 1134 laude
273 1113 335 1134 sua
351 1101 511 1144 vigeant:
537 1112 599 1143 ego
617 1101 708 1133 Ditis
726 1112 848 1144 opacos

77 1148 186 1190 Cogor
202 1147 297 1180 adire
314 1147 420 1188 lacus,
438 1146 560 1179 viduos
577 1157 597 1179 a
613 1146 746 1179 lumine
764 1145 895 1190 Phoebi,

75 1193 122 1226 Et
139 1196 277 1226 vastum
295 1192 552 1234 Phlegethonta
568 1192 652 1235 pati,
671 1203 738 1235 quo
755 1192 909 1225 maxima
926 1191 1041 1225 Minos

76 1238 314 1272 Conscelerata
331 1237 390 1281 pia
407 1237 573 1270 discernit
589 1237 730 1270 vincula
747 1237 835 1270 sede.

76 1284 167 1327 Ergo
180 1285 255 1328 jam
272 1294 412 1316 eausam
428 1283 548 1325 mortis
564 1294 620 1316 me
637 1283 750 1316 dicere
767 1283 893 1316 vinctae

76 1329 283 1362 Verberibus
301 1339 389 1361 saevo
407 1332 535 1371 cogunt
552 1328 595 1361 ab
607 1328 726 1371 judice
743 1328 867 1371 Poenae‚

77 1375 192 1415 Quum
209 1374 296 1407 mihi
313 1378 354 1406 tu
372 1374 416 1406 sis
434 1385 537 1407 eausa
552 1374 646 1416 mali,
663 1385 727 1406 neo
744 1374 899 1407 conscius
917 1374 1019 1417 adsis,

76 1420 142 1454 Sed
160 1419 395 1453 tolerabilibus
413 1419 503 1452 curis
521 1419 594 1452 haec
611 1419 790 1452 immemor
806 1419 925 1460 audis;

77 1466 161 1507 Quae
179 1469 296 1498 tamen
313 1469 354 1497 ut
372 1465 470 1498 vanis
488 1464 667 1498 dimittens
684 1465 798 1498 omnia
815 1465 939 1508 ventis,

75 1511 259 1554 Digredior
274 1522 455 1554 nunquam
470 1510 646 1543 rediturus
658 1523 666 1551 3
690 1514 731 1543 tu
749 1510 820 1543 cole
836 1510 949 1544 fontes
1121 1511 1190 1545 380

75 1556 121 1590 Et
139 1556 265 1590 virides
281 1567 461 1588 nemorum
479 1556 582 1589 silvas
600 1559 635 1588 et
651 1567 780 1599 pascua
797 1556 908 1597 laetus,

75 1602 122 1635 Et
138 1613 215 1635 mea
232 1601 374 1634 diffusas
391 1601 573 1645 rapiantur
590 1601 684 1634 dicta
700 1612 761 1644 per
777 1600 904 1634 ‘auras”

75 1647 187 1690 Dixit,
205 1650 240 1679 et
258 1649 413 1679 extrema
429 1646 538 1679 tristis
556 1657 635 1679 cum
652 1657 733 1679 voce
750 1646 899 1680 recessit.

123 1693 229 1725 Hunc
245 1692 307 1724 ubi
324 1692 512 1725 sollicitum
528 1691 660 1724 dimisit
677 1691 804 1724 inertia
820 1692 913 1734 vitae,

77 1738 230 1772 Interius
246 1737 400 1781 graviter
415 1740 568 1771 mentem
585 1748 674 1780 aeger
692 1748 755 1770 neo
771 1737 856 1770 tulit
872 1737 967 1771 ultra

606 1792 623 1815 c
640 1793 658 1815 c
