1345 1927
94 56 140 88 36
410 50 446 85 P.
474 49 678 83 VIRGILII
707 46 923 81 MARONIS

96 119 211 160 Quam
228 117 354 160 Cereri,
372 120 466 150 torta
483 115 668 148 redimitus
686 119 843 158 tempora
860 124 1001 157 quercu,

95 165 165 198 Det
181 168 297 196 motus
314 162 561 206 incompositos
579 164 614 194 et
632 161 788 194 carmina
805 160 910 193 dicat.
1161 159 1232 192 350

143 211 260 253 Atque
277 209 352 242 haec
369 212 410 241 ut
428 207 530 241 certis
548 207 718 251 possimus
735 206 866 239 discere
883 205 1001 249 signis,

98 256 300 299 AEstusque‚
319 254 537 298 pluviasque,
555 257 591 285 et
608 256 750 296 agentes
767 252 898 295 frigora
915 255 1057 284 ventos:

99 303 180 346 Ipse
198 302 303 334 Pater
321 301 458 343 statuit,
477 299 562 343 quid
579 302 759 331 menstrua
776 297 877 330 Luna
892 301 1048 331 moneret·
1062 309 1071 338 ;

100 348 176 390 Quo
194 347 293 391 signo
311 346 476 380 caderent
494 345 604 378 austri
621 357 629 385 ;
655 343 739 388 quid
758 354 847 387 saepe
864 343 1022 377 videntes

100 394 272 438 Agricolae
289 392 431 437 propius
450 391 596 425 stabulis
615 394 774 424 armenta
789 393 958 423 tenerent.

101 440 286 481 Continuo,
304 438 418 472 ventis
437 437 671 481 surgentibus,
689 443 752 470 aut
770 436 860 468 freta
877 435 976 479 ponti

104 486 288 530 Incipiunt
305 485 441 528 agitata
459 488 660 525 tumescere,
678 487 713 515 et
730 482 848 515 aridus
865 481 947 515 altis

102 531 283 565 Montibus
301 531 416 564 audiri
433 530 549 573 fragor
564 542 571 570 3
597 532 660 563 aut
676 528 877 561 resonantia
893 527 996 571 longe

102 578 222 612 Litora
237 577 384 619 misceri,
403 580 438 610 et
455 586 634 608 nemorum
652 574 902 607 increbrescere
919 584 1088 607 murmur.

103 625 129 658 J
131 636 188 658 am
205 623 270 656 sibi
287 626 364 656 tum
382 621 497 656 curvis
514 621 606 654 male
624 624 796 665 temperat
813 619 909 652 unda
926 619 1064 662 carinis,
1168 619 1237 652 360

106 671 223 712 Quum
239 669 353 702 medio
372 668 497 701 celeres
514 667 673 700 revolant
690 664 733 699 ex
751 677 885 710 aequore
902 665 1022 709 mergi,

105 717 366 759 Clamoremque
382 715 502 747 ferunt
518 714 563 747 ad
580 713 683 746 litora
698 725 706 754 3
731 723 909 756 quumque
926 712 1069 745 marinae

106 763 150 796 In
168 762 257 796 sicco
275 761 406 794 ludunt
423 760 550 803 fulicae,
568 763 736 802 notasque
754 758 900 803 paludes

107 808 255 851 Deserit,
273 812 381 850 atque
399 807 507 839 altam
526 817 630 850 supra
648 805 743 838 volat
761 804 865 837 ardea
881 803 1020 838 nubem.

107 854 205 898 Saepe
222 853 329 887 etiam
347 853 474 894 stellas,
493 856 596 885 vento
614 851 850 895 impendente,
868 849 1001 883 videbis

108 899 310 944 Praecipites
328 899 413 932 coelo
430 898 510 941 labi,
530 897 709 941 noctisque
727 908 788 941 per
805 896 965 929 umbram

109 947 348 980 Flammarum
365 945 486 988 longos
503 955 524 976 a
541 948 638 987 tergo
656 943 827 976 albescere
846 947 978 975 tractus
994 954 1002 983 ;

110 992 209 1036 Saepe
225 991 338 1024 levem
355 990 491 1034 paleam
509 994 544 1023 et
560 989 699 1022 frondes
718 989 864 1022 volitare
881 988 1040 1031 caducas,

110 1039 184 1072 Aut
201 1048 337 1071 summa
354 1041 479 1070 nantes
497 1036 533 1069 in
551 1047 642 1079 aqua
660 1035 834 1068 colludere
851 1034 997 1078 plumas.

110 1084 159 1118 At
176 1084 294 1117 Boreae
312 1083 355 1116 de
372 1087 471 1127 parte
490 1082 598 1115 trucis
619 1093 728 1125 quum
745 1081 922 1123 fulminat,
940 1085 975 1113 et
993 1091 1101 1123 quum
1173 1079 1241 1113 370

110 1130 265 1174 Eurique
283 1129 502 1173 Zephyrique
521 1132 619 1161 tonat
638 1127 760 1160 domus
778 1139 784 1160 :
811 1127 927 1160 omnia
944 1126 1058 1171 plenis

113 1176 209 1209 Rura
225 1179 353 1208 natant
369 1175 479 1217 fossis,
499 1181 606 1217 atque
624 1173 735 1206 omnis
752 1173 874 1206 navita
891 1177 998 1217 ponto

113 1221 272 1255 Humida
288 1221 366 1254 vela
383 1221 478 1264 legit.
519 1220 710 1263 Nunquam
728 1218 1008 1263 imprudentibus
1025 1217 1135 1252 imber

115 1268 246 1301 Obfuit.
295 1266 369 1300 Aut
386 1267 488 1299 illum
506 1271 704 1309 surgentem
722 1264 872 1298 vallibus
891 1264 970 1298 imis

116 1314 229 1347 Aeriae
246 1313 368 1357 fugere
385 1324 488 1356 grues
504 1325 512 1353 ;
538 1317 600 1345 aut
617 1311 746 1344 bucula
764 1311 890 1344 coelum

115 1359 314 1404 Suspiciens
332 1359 463 1403 patulis
481 1358 638 1402 captavit
655 1357 797 1390 naribus
817 1368 939 1398 auras3

115 1406 189 1439 Aut
206 1410 332 1449 arguta
349 1405 444 1438 lacus
463 1403 758 1437 circumvolitavit
776 1403 927 1436 hirundo
942 1415 951 1444 ;

116 1452 163 1485 Et
179 1455 333 1486 veterem
350 1451 387 1484 in
406 1451 488 1484 limo
505 1461 598 1483 ranae
617 1450 771 1483 cecinere
789 1449 975 1493 querelam.

117 1498 252 1542 Saepius
270 1502 306 1531 et
323 1497 424 1531 tectis
442 1496 680 1541 penetralibus
698 1496 829 1529 extulit
846 1507 910 1529 ova

117 1544 321 1588 Angustum
338 1543 483 1576 formica
501 1547 614 1576 terens
632 1542 699 1575 iter
713 1554 722 1583 ;
747 1546 783 1575 et
799 1541 888 1575 bibit
905 1542 1028 1585 ingens
1178 1542 1246 1575 380

117 1590 251 1631 Arcus3
277 1593 312 1623 et
329 1601 347 1622 e
364 1593 469 1634 pastu
487 1589 656 1622 decedens
674 1589 813 1632 agmine
830 1599 958 1632 magno

119 1636 308 1670 corvorum
324 1635 500 1680 increpuit
517 1635 632 1668 densis
650 1635 823 1668 exereitus
841 1634 914 1668 alis.

119 1683 145 1716 J
147 1693 204 1715 am
220 1682 334 1715 varias
350 1682 466 1726 pelagi
484 1682 649 1724 volucres,
668 1685 703 1714 et
721 1692 800 1725 quae
817 1680 900 1714 Asia
918 1680 1051 1714 circum

120 1728 290 1762 Dulcibus
307 1728 345 1761 in
362 1728 495 1772 stagnis
513 1729 688 1761 rimantur
705 1731 806 1772 prata
825 1726 970 1772 Caystri,
