1345 1927
142 104 186 135 22
456 102 493 136 P.
513 102 717 136 VIRGILII
742 102 957 136 MARONIS

175 168 257 201 ch.
285 168 341 202 Sic
359 171 422 202 tua
440 168 590 212 Cyrneas
607 169 747 212 fugiant
765 169 928 203 examina
945 173 1045 204 taxos
1058 181 1068 212 ;
1224 171 1269 203 30

141 213 199 247 Sic
217 214 326 257 cytiso
344 218 453 258 pastae
471 215 673 248 distendant
690 215 796 248 ubera
814 227 926 249 vaccae
941 227 948 248 :

142 260 273 304 Incipe,
293 261 322 293 si
340 260 423 304 quid
441 260 554 293 habos.
593 260 639 293 Et
656 272 711 294 me
728 262 839 294 fecere
857 262 999 304 poetam

139 305 294 339 Pierides
309 319 318 347 ;
344 310 426 339 sunt
444 310 479 339 et
495 306 582 338 mihi
601 307 756 340 carmina
770 319 778 347 3
803 318 859 339 me
876 318 1012 350 quoque
1029 307 1153 340 dicunt

141 351 268 385 Vatem
284 356 438 396 pastores
454 365 462 393 ;
489 352 547 385 scd
564 363 634 385 non
652 364 714 395 ego
733 353 893 385 credulus
911 353 989 386 illis.

136 397 229 431 Nam
246 409 359 442 neque
376 398 492 432 adhuc
512 398 616 431 Vario
634 399 752 432 videor
769 410 832 431 nec
850 398 963 431 dicere
980 398 1092 432 Cinna

135 442 263 487 Digna,
283 444 341 477 sed
359 448 501 487 argutos
518 444 610 477 inter
627 448 779 488 strepere
796 456 896 477 anser
913 444 1029 478 olores.

163 490 271 524 Mean,
285 490 328 523 Id
337 491 478 534 quidem
490 502 565 534 ago,
573 495 608 523 et
616 491 755 533 tacitus,
765 490 904 534 Lycida,
913 502 1050 523 mecum
1058 490 1131 535 ipse
1139 490 1268 534 voluto,

136 535 171 569 Si
190 536 326 569 valeam
342 536 564 577 meminisse,
557 549 563 555 ·
588 548 701 580 neque
718 540 770 569 est
788 536 939 579 ignobile
957 547 1104 569 carmen.

136 581 153 598 “
170 582 251 614 Huc
269 582 360 625 ades,
378 593 396 615 o
415 562 583 622 Galatea'3
609 582 687 625 quis
704 586 757 615 est
774 594 856 615 nam
873 582 1003 615 ludus
994 594 1031 614 in
1048 581 1174 616 undis?

136 627 206 660 Hic
224 639 284 661 ver
301 639 540 672 purpur3eum
566 629 678 661 varios
695 628 753 660 hic
770 628 917 661 fiumina
935 628 1066 660 circum
1222 629 1268 661 40

135 673 270 706 Fundit
288 674 416 706 humus
434 673 554 706 flores·
547 700 555 715 ,
581 669 638 707 hic
657 674 807 707 candida
823 673 973 717 populus
991 677 1091 707 antio

136 719 314 763 Imminet,
332 723 367 753 et
385 720 490 753 lentae
508 724 637 753 texunt
654 720 859 753 umbracula
877 719 974 753 vites.

138 765 221 799 Huc
238 766 320 799 ades
335 778 344 807 ;
370 766 485 798 insani
502 766 632 799 feriant
650 766 723 799 sine
740 766 844 799 litora
860 764 1021 799 fiuctus.’'

168 811 252 845 LYo.
279 811 382 855 Quid,
401 822 478 855 quae
497 815 532 844 te
549 813 639 856 pura
656 812 768 845 solum
786 811 849 844 sub
866 815 968 844 nocte
985 814 1169 845 canentem

137 856 356 891 Audieram'.l
383 869 543 890 numeros
560 858 714 901 memini,
733 858 760 890 si
779 857 883 891 verba
902 861 1066 891 tenerem.

169 903 275 937 MOER.
302 903 320 920 “
334 903 487 947 Daphni,
506 903 590 947 quid
608 904 771 947 antiquos
789 904 968 947 signorum
985 903 1130 948 suspicis
1148 903 1267 938 ortus?

136 949 227 983 Ecce
245 949 382 982 Dionaei
400 950 565 993 processit
583 950 723 983 Caesaris
741 954 885 992 astrum,

137 995 294 1039 Astrum,
313 1007 381 1039 quo
399 999 531 1039 segetes
549 996 743 1038 gauderent
760 995 930 1039 frugibus,
948 998 984 1028 et
1001 1006 1069 1040 quo

137 1040 292 1074 Duceret
309 1041 435 1085 apricis
453 1042 491 1074 in
508 1041 654 1074 collibus
671 1053 740 1074 uva
758 1042 914 1075 colorem.

138 1086 266 1130 Insere,
285 1087 436 1131 Daphni,
455 1087 546 1131 piros
561 1100 569 1129 ;
595 1091 739 1131 carpent
756 1091 819 1121 tua
836 1098 938 1131 poma
955 1086 1128 1131 nepotesff’
1223 1088 1269 1121 50

140 1133 266 1166 Omnia
283 1134 351 1166 fert
370 1137 463 1176 aetas,
481 1133 638 1166 animum
656 1145 792 1178 quoque
807 1145 813 1166 :
840 1144 930 1177 saepe
948 1144 1010 1176 ego
1028 1133 1148 1177 longos

139 1179 321 1212 Cantando
339 1191 487 1223 puerum
503 1180 648 1212 memini
664 1191 719 1212 me
737 1179 882 1213 condere
900 1179 986 1212 soles
1001 1191 1007 1212 :

138 1224 244 1258 Nunc
261 1225 371 1258 oblita
387 1225 474 1258 mihi
492 1229 545 1259 tot
563 1226 726 1259 carmina.
768 1225 846 1258 Vox
864 1236 1003 1269 quoque
1020 1225 1148 1259 Moerin

139 1270 165 1304 J
168 1282 224 1304 am
241 1271 335 1315 fugit
353 1271 428 1315 ipsa
443 1284 451 1312 ;
476 1271 553 1315 lupi
570 1271 697 1304 Moerin
715 1271 832 1305 videre
849 1272 987 1316 priores.

140 1316 208 1350 Sed
226 1321 344 1350 tamen
361 1318 430 1350 ista
447 1317 530 1350 satis
546 1317 674 1350 referet
691 1317 758 1350 tibi
776 1328 866 1361 saepe
883 1317 1070 1351 Menalcas.

171 1363 256 1397 LYo.
282 1362 463 1396 Causando
480 1367 614 1396 nostros
630 1363 669 1395 in
685 1363 830 1406 longum
847 1363 945 1396 ducis
962 1374 1102 1397 amores.

141 1408 189 1442 Et
206 1420 300 1443 nunc
318 1421 419 1442 omne
435 1409 502 1442 tibi
520 1413 670 1442 stratum
688 1409 766 1442 silet
785 1420 924 1453 aequor,
949 1412 984 1442 et
1001 1420 1129 1453 omnes,

141 1454 278 1499 Aspice,
296 1455 431 1488 ventosi
449 1455 649 1488 ceciderunt
665 1455 854 1488 murmuris
871 1466 974 1489 aurae.

141 1500 236 1534 Hine
253 1501 338 1534 adeo
355 1501 470 1534 media
487 1505 539 1534 est
555 1501 653 1534 nobis
671 1501 748 1542 via3
772 1512 923 1545 namque
940 1501 1137 1545 sepulcrum

142 1546 274 1591 Incipit
291 1559 457 1591 apparere
474 1547 642 1580 Bianoris.
683 1547 753 1580 Hic
769 1547 830 1580 ubi
847 1547 970 1580 densas
1224 1548 1269 1581 60

142 1593 316 1636 Agricolae
335 1593 515 1637 stringunt
532 1593 681 1636 frondes,
698 1593 765 1636 hic,
783 1592 895 1636 Moeri,
913 1603 1078 1626 canamus
1091 1605 1102 1635 3

142 1638 213 1672 Hic
230 1639 347 1673 haedos
365 1640 519 1683 depone:
545 1642 663 1672 tamen
680 1639 859 1672 veniemus
875 1639 913 1672 in
929 1639 1060 1673 urbem.

142 1684 216 1718 Aut
234 1685 271 1729 si,
289 1697 358 1718 nox
375 1685 533 1729 pluviam
549 1696 593 1718 ne
611 1684 753 1728 colligat
770 1690 860 1727 ante,
879 1696 1048 1728 veremur,

143 1730 332 1765 Cantantes
350 1731 433 1764 lieet
449 1742 558 1775 usque
577 1730 708 1775 (minus
725 1731 782 1765 via
799 1730 920 1774 laedat)
939 1741 1066 1765 eamus.

144 1776 333 1811 Cantantes
350 1781 391 1811 ut
408 1788 536 1821 eamus,
555 1788 617 1821 ego
634 1776 699 1811 hoc
716 1780 752 1810 te
768 1777 861 1810 fasce
877 1776 1008 1811 levabo.
