1345 1927
119 68 186 100 336
427 65 464 100 Ρ.
484 64 688 101 VIBGILII
714 65 932 102 MARONIS

120 131 246 165 Horret
263 143 354 175 ager,
371 132 553 177 campique
569 133 673 166 armis
690 132 895 167 sublimibus
911 133 1045 170 ardent.

118 177 190 211 Nec
208 189 276 211 non
294 177 473 222 Messapus
490 183 619 220 contra,
636 178 830 231 celeresque
848 179 976 223 Latini,

118 222 165 256 Et
182 234 261 256 cum
278 223 386 257 fratre
403 225 514 266 Coras,
531 228 566 257 et
583 224 727 267 virginis
743 224 800 258 ala
817 224 981 268 Camillae,

119 268 264 302 Adversi
276 280 402 317 campo
419 273 597 313 apparent,
614 270 800 313 hastasque
817 270 971 304 reductis

119 311 338 348 Protendunt
355 314 456 367 longe
473 315 614 357 dextris,
632 319 667 348 et
684 315 818 359 spicula
835 315 999 357 vibrant;

118 358 371 404 Adventusque
388 361 502 394 virum
518 342 746 404 fremitusque
763 361 912 394 ardescit
928 373 1105 406 equorum.

119 405 270 450 Jamque
287 405 380 439 intra
391 407 529 449 jactum
545 406 608 439 teli
625 417 823 450 progressus
840 411 986 451 uterque

119 450 352 485 Substiterat:
379 451 493 485 subito
510 456 698 495 erumpunt
715 451 871 494 clamore,
889 452 1143 498 frementesque

120 495 362 530 Exhortantur
379 508 508 548 equos;
532 497 688 530 fundunt
705 496 808 530 simul
826 497 932 541 undiq
936 509 980 531 ue
997 498 1067 533 tela
1171 501 1239 534 610

119 541 244 575 Crebra
260 542 350 575 nivis
367 542 448 585 ritu,
466 541 660 586 coelumque
677 542 856 576 obtexitur
872 543 1004 577 umbra.

118 587 289 621 Continuo
306 587 457 621 adversis
474 587 671 631 Tyrrhenus
688 592 723 621 et
739 599 817 621 acer
833 588 1008 622 Aconteus

119 632 268 666 Connixi
285 633 470 666 incurrunt
486 633 605 675 hastis,
622 633 795 677 primique
812 634 951 667 ruinam

117 677 214 711 Dant
231 679 346 712 sonitu
363 678 508 722 ingenti,
526 679 767 723 perfractaque
785 679 1114 723 quadrupedantum

117 723 263 758 Pectora
279 725 475 776 pectoribus
491 731 670 769 rumpunt.
719 724 894 758 Excussus
911 726 1088 777 Aconteus

118 768 317 803 Fulminis'
308 781 345 802 111
361 781 500 813 morem,
519 775 581 803 aut
594 774 765 803 tormento
783 770 943 814 ponderis
960 772 1040 815 acti,

119 813 322 859 Praecipitat
337 815 450 859 longe,
467 820 502 849 et
519 816 628 849 vitam
645 815 840 859 dispergit
830 827 868 849 111
884 827 997 851 auras.

117 859 303 904 Extemplo
320 860 468 894 turbatae
484 861 584 904 acies,
602 862 760 905 versique
776 861 895 895 Latini

118 905 296 950 Raejiciunt
312 918 458 950 parmas,
476 911 510 940 et
527 918 631 950 equos
647 906 692 939 ad
709 907 837 940 moenia
853 910 1005 941 vertunt.

118 951 223 986 Troes
239 956 375 996 agunt;
402 953 560 996 princeps
577 956 710 985 turmas
727 952 865 986 inducit
881 953 1013 996 Asylas.
1170 955 1237 988 620

118 997 270 1042 Jamque
287 997 570 1042 propinquabant
587 993 703 1042 portis,
721 1009 908 1042 rursusque
925 998 1042 1032 Latini

118 1043 310 1077 Clamorem
326 1044 467 1087 tollunt,
485 1048 520 1077 et
535 1043 656 1076 mollia
672 1043 761 1077 colla
775 1043 986 1085 reflectunt;

119 1088 169 1122 Hi
183 1089 337 1133 fugiunt,
354 1089 561 1133 penitusque
578 1089 669 1122 datis
685 1089 885 1122 referuntur
901 1088 1053 1124 habenis.

119 1134 239 1175 Qualis
257 1135 318 1168 ubi
334 1135 468 1168 alterno
485 1146 687 1179 procurrens
704 1134 844 1178 gurgite
860 1139 988 1178 pontus

119 1179 221 1214 Nunc
237 1180 310 1214 ruit
327 1180 372 1214 ad
389 1184 508 1223 terras,
526 1180 752 1232 scopulosque
769 1180 957 1224 superjacit
973 1180 1105 1214 undam

118 1225 165 1270 Sp
167 1236 299 1269 umeus,
317 1230 577 1270 extremamque
595 1226 672 1259 sinu
691 1226 872 1270 perfundit
887 1237 1052 1268 arenam;

117 1271 151 1304 N
152 1283 221 1306 unc
238 1272 380 1316 rapidus
397 1276 498 1315 retro,
516 1275 620 1315 atque
638 1276 725 1305 aestu
742 1271 900 1305 revoluta
915 1271 1092 1306 resorbens

118 1317 211 1351 Saxa
227 1318 329 1361 fugit,
347 1318 431 1351 litus
417 1329 500 1361 sque
517 1317 605 1351 vado
621 1317 759 1350 labente
776 1317 950 1361 relinquit.

117 1363 176 1397 Bis
194 1363 296 1397 Tusci
314 1363 460 1397 Rutulos
477 1374 575 1407 egere
592 1363 637 1396 ad
653 1363 781 1396 moenia
798 1374 936 1396 versos:

117 1408 177 1442 Bis
192 1409 313 1453 rejecti
330 1409 434 1442 armis
450 1412 648 1453 respectant
665 1412 762 1452 terga
779 1413 944 1452 tegentes.
1169 1411 1237 1444 630

117 1453 235 1488 Tertia
252 1455 311 1488 sed
329 1459 513 1499 postquam
530 1454 703 1506 congressi
719 1455 756 1487 in
773 1454 903 1498 proelia,
921 1458 1013 1488 totas

118 1499 325 1544 Implicuere
342 1501 434 1534 inter
451 1512 486 1533 se
503 1500 602 1542 acies,
620 1499 774 1544 legitque
791 1500 904 1533 virum
922 1500 996 1534 vir:

116 1545 206 1579 Tum
222 1557 301 1580 vero
319 1550 354 1580 et
370 1546 521 1590 gemitus
537 1546 756 1589 morientum,
775 1550 811 1579 et
827 1546 994 1598 sanguine
1011 1546 1049 1579 in
1065 1545 1137 1580 alto

117 1592 300 1636 Armaque,
318 1603 537 1636 corporaque,
555 1595 590 1625 et
607 1591 772 1636 permixti
789 1591 882 1625 caede
898 1592 1052 1625 virorum

118 1637 330 1671 Semanimes
347 1638 537 1671 volvuntur
553 1637 658 1682 equi3
682 1648 801 1681 pugna
817 1648 938 1681 aspera.
954 1637 1075 1681 surgit.

118 1683 314 1717 Orsilochus
332 1683 479 1726 Remuli,
497 1683 660 1727 quando'
650 1694 764 1727 ipsum
782 1682 944 1717 horrebat
959 1683 1066 1726 adire,

119 1728 267 1762 Hastam
284 1729 424 1763 intorsit
441 1739 538 1773 equo,
555 1730 752 1774 ferrumque
769 1727 832 1762 sub
849 1739 933 1763 aure
948 1728 1112 1773 reliquit:
