1320 1932
407 74 625 109 AENEIDOS
649 74 736 107 LIB.
762 73 803 107 X.

57 144 252 179 Dardanius
270 147 376 189 caput
393 155 472 177 ecce
489 154 575 186 puer
592 142 749 176 detectus
766 142 961 184 honestum⁷

59 190 176 231 Qualis
193 201 330 234 gemma
345 190 462 232 micat,
479 188 617 221 fulvum
634 199 711 231 quae
728 187 855 220 dividit
871 198 1005 230 aurum,

56 235 129 269 Aut
146 236 231 270 collo
249 235 352 268 decus
369 239 431 268 aut
449 234 556 278 capiti
572 246 581 274 ;
606 234 661 267 vel
678 233 780 277 quale
796 244 856 276 per
872 237 983 266 artem

56 281 235 314 Inclusum
252 281 355 324 buxo,
373 284 435 314 aut
453 279 566 313 Oricia
583 279 789 321 terebintho,

55 326 164 360 Lucet
181 326 265 360 ebur
279 339 288 367 ;
313 326 405 359 fusos
422 325 538 359 cervix
556 325 614 357 cui
630 324 742 358 lactea
759 324 870 358 crines

53 371 192 416 Accipit
208 376 243 405 et
259 372 356 405 molli
373 371 578 404 subnectens
596 370 745 403 circulus
762 381 853 404 auro.

53 417 100 450 Te
117 429 252 462 quoque
267 417 500 461 magnanimae
517 416 690 458 viderunt,
709 416 848 459 Ismare,
865 418 985 458 gentes

53 461 206 496 Vulnera
223 463 370 506 dirigere
387 465 422 495 et
439 462 588 495 calamos
604 472 737 495 armare
756 473 895 505 veneno,

51 506 201 541 Maeonia
217 518 378 552 generose
395 508 495 541 domo
509 519 516 540 :
541 506 602 540 ubi
618 507 764 551 pinguia
781 506 877 541 culta

51 552 293 597 Exercentque
310 554 385 596 viri,
404 553 635 596 Pactolusque
652 553 775 596 irrigat
792 564 885 586 auro.

50 598 163 632 Affuit
180 603 215 632 et
232 599 445 642 Mnestheus,
465 609 568 641 quem
585 598 677 642 pulsi
694 599 841 642 pristina
859 598 967 631 Turni

50 643 188 688 Aggere
204 655 391 678 moerorum
408 644 589 677 sublimem
607 644 716 686 gloria
733 644 838 686 tollit,

48 689 95 723 Et
113 690 224 734 Capys
241 702 248 724 :
272 690 355 723 hinc
371 701 497 723 nomen
514 690 697 732 Campanae
715 689 856 723 ducitur
872 689 958 723 urbi.

96 735 154 768 Illi
170 736 263 768 inter
280 747 351 769 sese
368 735 447 768 duri
464 735 653 768 certamina
669 735 752 768 belli

49 780 277 814 Contulerant
293 792 300 814 :
324 781 439 814 media
454 780 584 813 AEneas
600 781 690 813 freta
706 784 806 813 nocte
824 780 970 814 secabat.

46 825 207 870 Namque
223 830 264 860 ut
281 826 324 860 ab
342 826 502 859 Evandro
520 825 640 859 castris
657 826 830 869 ingressus
848 826 1003 859 Etruscis

47 871 177 914 Regem
194 872 278 914 adit,
296 875 331 905 et
346 872 420 915 regi
436 875 604 904 memorat
621 882 814 915 nomenque
831 883 1018 915 genusque,

46 916 182 957 Quidve
198 920 305 961 petat⁷
323 917 451 960 quidve
467 917 540 961 ipse
557 917 647 949 ferat
663 929 672 958 ;
697 917 893 950 Mezentius
910 929 1006 951 arma

46 962 131 1003 Quae
148 963 214 996 sibi
231 963 401 1005 conciliet,
420 963 641 1006 violentaque
658 966 797 1006 pectora
814 963 931 1007 Turni,

44 1007 175 1042 Edocet
192 1021 201 1050 ;
225 1008 388 1042 humanis
405 1019 481 1052 quae
499 1009 543 1041 sit
559 1008 688 1041 fiducia
704 1008 804 1042 rebus

1105 74 1170 106 297

1102 462 1167 493 140

1098 919 1163 950 150

43 1053 228 1097 Admonet,
245 1054 486 1097 immiscetque
503 1065 628 1097 preces,
677 1054 784 1087 Haud
800 1054 841 1087 fit
857 1065 972 1096 mora3
1004 1054 1160 1089 Tarchon

43 1099 174 1143 Jungit
191 1111 281 1144 opes,
298 1100 478 1143 foedusque
494 1100 576 1133 ferit
590 1111 598 1140 3
624 1103 699 1132 tum
717 1100 825 1133 libera
841 1101 908 1134 fati

44 1145 195 1178 Classem
212 1145 410 1178 conscendit
422 1145 528 1188 jussis
545 1156 628 1188 gens
646 1145 756 1188 Lydia
773 1146 903 1189 divum,

42 1189 197 1224 Externo
214 1191 394 1224 commissa
410 1191 500 1224 duci.
548 1191 674 1224 AEne'ia
690 1192 817 1235 puppis

43 1235 160 1270 Prima
177 1240 284 1280 tenet,
301 1240 410 1270 rostro
428 1236 596 1279 Phrygios
614 1236 799 1279 subjuncta
815 1237 929 1270 leones
944 1248 951 1271 ι

42 1280 209 1315 Imminet
227 1282 291 1315 Ida
309 1293 420 1326 super,
438 1282 594 1325 profugis
611 1282 808 1324 gratissima
825 1283 973 1316 Teucris.

42 1326 111 1360 Hic
128 1339 276 1371 magnus
294 1328 389 1361 sedet
406 1327 542 1370 AEneas,
561 1339 743 1370 secumque
760 1328 897 1361 volutat

40 1371 197 1406 Eventus
215 1372 297 1406 belli
314 1373 426 1406 varios
440 1385 449 1414 3
475 1372 659 1416 Pallasque
676 1373 813 1407 sinistro

41 1417 177 1451 Affixus
195 1418 297 1452 lateri
309 1420 384 1462 jam
402 1419 527 1462 quaerit
545 1419 664 1460 sidera,
682 1429 796 1462 opacae

39 1462 160 1497 Noctis
177 1464 252 1506 iter,
265 1465 341 1508 jam
358 1475 434 1506 quae
451 1475 571 1508 passus
588 1468 748 1508 terraque
764 1464 930 1508 marique.

85 1508 235 1543 Pandite
251 1521 345 1542 nunc
363 1509 542 1552 Helicona,
560 1510 641 1553 deae,
659 1513 850 1554 cantusque
867 1513 1012 1554 movete,

39 1554 124 1595 Quae
141 1566 265 1588 manus
281 1555 414 1588 interea
431 1555 550 1588 Tuscis
567 1555 752 1588 comitetur
768 1556 811 1589 ab
828 1556 895 1589 oris

36 1600 183 1643 AEnean,
201 1604 380 1644 armetque
396 1604 497 1644 rates,
515 1601 705 1645 pelagoque
722 1601 878 1635 vehatur.

83 1645 252 1679 Massicus
270 1650 375 1679 aerata
391 1646 549 1691 princeps
567 1650 659 1680 secat
676 1658 812 1690 aequora
828 1647 911 1691 tigri
925 1658 932 1680 :

38 1689 109 1724 Sub
126 1702 193 1735 quo
209 1691 305 1725 mille
322 1703 445 1724 manus
458 1693 639 1735 juvenum,
657 1692 717 1736 qui
732 1693 860 1726 moenia
878 1693 982 1736 Clusi,

39 1736 174 1781 Quique
190 1737 312 1771 urbem
328 1737 460 1782 liquere
479 1738 579 1772 Cosas
594 1749 601 1773 :
626 1739 723 1782 queis
741 1738 821 1782 tela,
839 1739 977 1784 sagittae

1093 1376 1157 1408 160
