1345 1927
137 70 181 101 64
446 66 483 100 P.
508 66 711 100 VIRGILII
738 67 952 101 MARONIS

137 134 183 167 Et
200 145 308 177 genus
327 145 535 178 aequoreum,
552 133 710 178 pecudeS,
729 134 901 178 pictaeque
918 135 1082 178 volucres,

137 180 180 212 In
196 180 304 213 furias
322 181 507 224 ignemque
523 184 631 213 ruunt
646 193 654 220 ;
679 191 775 213 amor
791 179 950 214 omnibus
966 181 1068 214 idem.

136 225 302 270 Tempore
318 237 388 259 non
405 225 472 259 alio
489 225 683 259 catulorum
699 224 806 258 oblita
822 226 933 260 leaena

136 271 265 305 Saevior
282 272 410 305 erravit
428 271 559 315 campis
575 283 584 312 ;
609 282 673 304 nec
689 271 813 304 funera
829 271 934 316 vulgo

135 317 222 351 Tam
236 317 351 351 multa
367 316 530 351 informes
551 317 619 350 ursi
637 320 855 360 stragemque
873 317 997 351 dedere

135 362 202 396 Per
220 363 323 396 silvas
337 375 344 397 z
370 367 574 397 tumsaevus
590 374 683 407 aper,
700 367 778 395 tum
793 363 942 407 pessima
958 363 1058 407 tigris
1071 376 1081 405 ς

135 408 218 442 Heu
233 410 239 442 !
266 409 358 442 male
374 413 452 442 tum
469 408 587 453 Libyae
606 408 684 441 solis
703 414 838 442 erratur
853 409 890 442 in
908 409 1009 452 agris.

134 454 258 488 Nonne
275 455 381 498 vides,
397 458 440 488 ut
456 458 530 488 tota
546 459 675 488 tremor
691 458 868 498 portentet
885 466 1052 498 equorum
1189 456 1258 488 250

135 500 294 544 Corpora,
313 501 341 533 si
357 505 498 534 tantum
514 505 614 534 notas
632 499 714 533 odor
731 500 853 534 attulit
870 511 972 534 auras
986 500 998 534 ‘l

134 546 185 579 Ac
202 558 316 589 neque
333 557 388 579 eos
401 547 476 590 jam
493 546 592 579 frena
607 546 733 588 virum,
749 557 862 590 neque
879 545 1021 580 verbera
1038 558 1139 589 saeva,

133 591 167 625 N
169 603 213 625 on
231 591 363 636 scopuli
378 602 550 636 rupesque
567 603 672 634 cavae,
689 596 794 635 atque
811 591 945 636 objecta
960 592 1142 626 retardant

134 637 307 680 Flumina,
325 641 498 682 correptos
515 637 612 670 unda
628 637 828 681 torquentia
843 641 986 672 montes.

134 683 216 727 Ipse
232 684 304 716 ruit
321 683 511 727 dentesque
527 682 719 717 Sabellicus
736 683 878 716 exacuit
895 695 963 726 sus,

132 729 180 762 Et
196 729 283 773 pede
300 729 495 773 prosubigit
511 732 650 772 terram,
667 728 771 762 fricat
788 728 908 762 arbore
925 732 1046 773 costas,

133 775 249 817 Atque
266 775 348 808 hinc
365 779 471 819 atque
487 775 585 808 illinc
601 775 831 818 humerosque
848 775 892 808 ad
910 775 1055 809 vulnera
1071 775 1190 820 durae,

133 821 224 862 Quid
237 821 386 865 juvenis,
403 832 570 864 magnum
587 821 644 866 cui
660 825 774 854 versat
791 821 828 853 in
845 820 976 863 ossibus
992 821 1109 864 ignem

131 866 249 900 Durus
266 867 386 900 amor?
411 867 544 911 Nempe
561 866 720 911 abruptis
737 865 879 900 turbata
895 867 1054 911 procellis

131 912 241 946 Nocte
258 916 358 946 natat
376 924 467 946 caeca
484 924 578 945 serus
594 913 684 946 freta
699 925 707 953 ;
732 924 834 956 quem
852 924 954 957 super
969 913 1092 957 ingens
1185 915 1254 948 260

131 957 236 992 Porta
254 962 354 992 tonat
370 958 456 1001 coeli,
475 962 509 991 et
526 958 676 1002 scopulis
692 958 784 991 illisa
800 958 992 993 reclamant

129 1003 286 1048 AEquora
303 1017 311 1045 ;
336 1016 399 1038 nec
414 1004 532 1037 miseri
549 1007 694 1048 possunt
709 1015 870 1038 revocare
886 1009 1056 1049 parentem,

129 1049 163 1082 N
165 1061 202 1083 ec
218 1050 386 1084 moritura
404 1061 506 1094 super
523 1050 656 1083 crudeli
672 1049 795 1083 funere
811 1051 917 1094 virgo.

131 1095 223 1136 Quid
239 1096 357 1140 lynces
374 1096 503 1129 Bacchi
520 1096 636 1139 variae,
654 1099 689 1129 et
705 1107 815 1139 genus
833 1108 910 1130 aere
927 1096 1091 1141 luporum

128 1141 245 1185 Atque
262 1153 388 1175 eanum
402 1141 414 1174 ’ζ
440 1141 533 1185 quid,
545 1153 622 1185 quae
633 1141 788 1175 imbelles
805 1142 891 1176 dant
904 1142 1026 1186 proelia
1038 1143 1131 1176 cervi
1145 1141 1157 1176 2

175 1187 314 1221 Scilicet
332 1192 413 1221 ante
430 1199 546 1221 omnes
562 1188 659 1221 furor
676 1192 727 1221 est
744 1188 891 1232 insignis
908 1199 1077 1232 equarum
1093 1201 1102 1230 ς

127 1233 174 1266 Et
189 1238 343 1266 mentem
360 1234 478 1266 Venus
494 1234 570 1278 ipsa
587 1233 694 1277 dedit,
711 1245 778 1277 quo
795 1238 949 1278 tempore
967 1234 1090 1268 Glauci

127 1278 314 1312 Potniades
329 1279 431 1312 malis
447 1279 602 1312 membra
618 1279 814 1313 absumsere
831 1279 1019 1324 quadrigae.

127 1324 213 1358 Illas
231 1325 328 1358 ducit
345 1336 440 1359 amor
457 1329 552 1359 trans
572 1325 735 1369 Gargara,
752 1329 918 1369 transque
935 1329 1116 1359 sonantem

125 1371 316 1404 Ascanium
330 1384 338 1412 3
365 1375 530 1415 superant
546 1375 693 1414 montes,
711 1375 746 1404 et
762 1371 909 1405 flumina
925 1375 1078 1406 tranant.
1182 1371 1250 1406 270

125 1416 375 1461 Continuoque,
393 1417 504 1450 avidis
521 1416 582 1450 ubi
599 1416 739 1450 subdita
755 1417 895 1451 flamma
911 1417 1084 1462 medullis,

125 1461 214 1496 Vere
229 1463 349 1506 magis,
369 1463 451 1507 quia
468 1474 546 1496 vere
564 1463 656 1496 calor
672 1463 764 1496 redit
781 1463 922 1505 ossibus,
939 1463 1009 1497 illae

125 1508 191 1542 Ore
208 1520 325 1542 omnes
342 1520 448 1542 versae
465 1509 503 1542 in
520 1509 712 1553 zephyrum
729 1513 824 1542 stant
840 1509 986 1554 rupibus
1002 1508 1093 1551 altis,

122 1553 391 1598 Exceptantque
407 1554 499 1588 leves
516 1566 618 1588 auras
633 1567 641 1596 3
667 1559 701 1588 et
719 1566 808 1599 saepe
825 1555 898 1588 sine
914 1555 996 1589 ullis

123 1599 300 1644 Conjugiis
317 1605 420 1634 vento
437 1601 601 1644 gravidae,
617 1600 777 1634 mirabile
794 1601 902 1644 dictu,

121 1644 214 1679 Saxa
230 1657 292 1690 per
308 1650 344 1680 et
361 1646 517 1691 scopulos
535 1650 570 1680 et
587 1647 764 1691 depressas
781 1647 954 1680 convalles

119 1690 331 1736 Diffugiunt,
348 1704 427 1735 non,
445 1692 548 1735 Eure,
565 1696 653 1735 tuos,
670 1704 784 1736 neque
801 1692 887 1726 Solis
904 1693 949 1726 ad
966 1695 1072 1735 ortus,

121 1735 165 1770 In
182 1737 328 1772 Boream
345 1738 576 1784 Caurumque,
594 1742 658 1773 aut
674 1739 768 1773 unde
784 1739 992 1783 nigerrimus
1010 1738 1138 1772 Auster
