<?xml version="1.0" encoding="UTF-8"?>
<!DOCTYPE html PUBLIC "-//W3C//DTD XHTML 1.0 Transitional//EN"
    "http://www.w3.org/TR/xhtml1/DTD/xhtml1-transitional.dtd">
<html xmlns="http://www.w3.org/1999/xhtml" xml:lang="en" lang="en">
 <head>
  <title>
</title>
<meta http-equiv="Content-Type" content="text/html;charset=utf-8" />
  <meta name='ocr-system' content='tesseract 3.04.00' />
  <meta name='ocr-capabilities' content='ocr_page ocr_carea ocr_par ocr_line ocrx_word'/>
</head>
<body>
  <div class='ocr_page' id='page_1' title='image "./operaomnia00virguoft/operaomnia00virguoft_0285.png"; bbox 0 0 1320 1932; ppageno 0'>
   <div class='ocr_carea' id='block_1_1' title="bbox 421 111 839 146">
    <p class='ocr_par' dir='ltr' id='par_1_1' title="bbox 421 111 839 146">
     <span class='ocr_line' id='line_1_1' title="bbox 421 111 839 146; baseline 0.005 -2"><span class='ocrx_word' id='word_1_1' title='bbox 421 111 641 145; x_wconf 86' lang='lat' dir='ltr'>AENEIDOS</span> <span class='ocrx_word' id='word_1_2' title='bbox 667 112 753 146; x_wconf 90' lang='lat' dir='ltr'><strong>LIB.</strong></span> <span class='ocrx_word' id='word_1_3' title='bbox 780 112 839 146; x_wconf 86' lang='lat' dir='ltr'><strong>IX.</strong></span> 
     </span>
    </p>
   </div>
   <div class='ocr_carea' id='block_1_2' title="bbox 74 176 1031 540">
    <p class='ocr_par' dir='ltr' id='par_1_2' title="bbox 74 176 1000 495">
     <span class='ocr_line' id='line_1_2' title="bbox 78 176 908 223; baseline 0.001 -12"><span class='ocrx_word' id='word_1_4' title='bbox 78 176 163 211; x_wconf 85' lang='lat' dir='ltr'><strong>Mox</strong></span> <span class='ocrx_word' id='word_1_5' title='bbox 179 177 237 211; x_wconf 82' lang='lat' dir='ltr'><strong>hic</strong></span> <span class='ocrx_word' id='word_1_6' title='bbox 253 189 333 211; x_wconf 91' lang='lat' dir='ltr'><strong>cum</strong></span> <span class='ocrx_word' id='word_1_7' title='bbox 350 178 476 222; x_wconf 90' lang='lat' dir='ltr'><strong>spoliis,</strong></span> <span class='ocrx_word' id='word_1_8' title='bbox 494 179 630 222; x_wconf 77' lang='lat' dir='ltr'>ingenti</span> <span class='ocrx_word' id='word_1_9' title='bbox 649 179 742 212; x_wconf 87' lang='lat' dir='ltr'><strong>caede</strong></span> <span class='ocrx_word' id='word_1_10' title='bbox 758 182 908 223; x_wconf 84' lang='lat' dir='ltr'><strong>peracta,</strong></span> 
     </span>
     <span class='ocr_line' id='line_1_3' title="bbox 77 223 906 258; baseline 0.002 -2"><span class='ocrx_word' id='word_1_11' title='bbox 77 223 192 256; x_wconf 86' lang='lat' dir='ltr'><strong>Affore</strong></span> <span class='ocrx_word' id='word_1_12' title='bbox 208 224 365 257; x_wconf 89' lang='lat' dir='ltr'><strong>cernetis.</strong></span> <span class='ocrx_word' id='word_1_13' title='bbox 413 224 447 256; x_wconf 82' lang='lat' dir='ltr'>N</span> <span class='ocrx_word' id='word_1_14' title='bbox 448 235 486 257; x_wconf 90' lang='lat' dir='ltr'><strong>ec</strong></span> <span class='ocrx_word' id='word_1_15' title='bbox 502 235 563 257; x_wconf 87' lang='lat' dir='ltr'><strong>nos</strong></span> <span class='ocrx_word' id='word_1_16' title='bbox 581 225 637 258; x_wconf 76' lang='lat' dir='ltr'><strong>via</strong></span> <span class='ocrx_word' id='word_1_17' title='bbox 654 224 746 257; x_wconf 78' lang='lat' dir='ltr'><strong>fallit</strong></span> <span class='ocrx_word' id='word_1_18' title='bbox 764 228 885 258; x_wconf 81' lang='lat' dir='ltr'><strong>euntes</strong></span> <span class='ocrx_word' id='word_1_19' title='bbox 900 237 906 258; x_wconf 91' lang='lat'>:</span> 
     </span>
     <span class='ocr_line' id='line_1_4' title="bbox 78 267 959 313; baseline 0.001 -12"><span class='ocrx_word' id='word_1_20' title='bbox 78 267 239 301; x_wconf 82' lang='lat' dir='ltr'><strong>Vidimus</strong></span> <span class='ocrx_word' id='word_1_21' title='bbox 255 269 408 302; x_wconf 84' lang='lat' dir='ltr'>obscuris</span> <span class='ocrx_word' id='word_1_22' title='bbox 424 269 574 313; x_wconf 84' lang='lat' dir='ltr'>primam</span> <span class='ocrx_word' id='word_1_23' title='bbox 591 269 653 303; x_wconf 91' lang='lat' dir='ltr'><strong>sub</strong></span> <span class='ocrx_word' id='word_1_24' title='bbox 670 270 820 303; x_wconf 83' lang='lat' dir='ltr'><strong>vallibus</strong></span> <span class='ocrx_word' id='word_1_25' title='bbox 836 269 959 303; x_wconf 88' lang='lat' dir='ltr'><strong>urbem</strong></span> 
     </span>
     <span class='ocr_line' id='line_1_5' title="bbox 78 313 958 358; baseline 0.002 -12"><span class='ocrx_word' id='word_1_26' title='bbox 78 313 217 347; x_wconf 84' lang='lat' dir='ltr'><strong>Venatu</strong></span> <span class='ocrx_word' id='word_1_27' title='bbox 234 314 370 348; x_wconf 87' lang='lat' dir='ltr'><strong>assiduo</strong></span> <span class='ocrx_word' id='word_1_28' title='bbox 388 318 423 348; x_wconf 90' lang='lat' dir='ltr'><strong>et</strong></span> <span class='ocrx_word' id='word_1_29' title='bbox 439 318 553 348; x_wconf 87' lang='lat' dir='ltr'><strong>totum</strong></span> <span class='ocrx_word' id='word_1_30' title='bbox 570 315 794 358; x_wconf 79' lang='lat' dir='ltr'><strong>cognovimus</strong></span> <span class='ocrx_word' id='word_1_31' title='bbox 811 326 958 349; x_wconf 81' lang='lat' dir='ltr'><strong>amnem.</strong></span> 
     </span>
     <span class='ocr_line' id='line_1_6' title="bbox 77 358 975 404; baseline 0.002 -12"><span class='ocrx_word' id='word_1_32' title='bbox 77 358 146 392; x_wconf 87' lang='lat' dir='ltr'><strong>Hic</strong></span> <span class='ocrx_word' id='word_1_33' title='bbox 163 360 262 392; x_wconf 88' lang='lat' dir='ltr'><strong>annis</strong></span> <span class='ocrx_word' id='word_1_34' title='bbox 279 360 394 402; x_wconf 82' lang='lat' dir='ltr'><strong>gravis</strong></span> <span class='ocrx_word' id='word_1_35' title='bbox 411 364 517 404; x_wconf 82' lang='lat' dir='ltr'><strong>atque</strong></span> <span class='ocrx_word' id='word_1_36' title='bbox 533 361 641 393; x_wconf 87' lang='lat' dir='ltr'><strong>animi</strong></span> <span class='ocrx_word' id='word_1_37' title='bbox 657 365 816 394; x_wconf 82' lang='lat' dir='ltr'><strong>maturus</strong></span> <span class='ocrx_word' id='word_1_38' title='bbox 834 360 953 394; x_wconf 82' lang='lat' dir='ltr'><strong>Aletes</strong></span> <span class='ocrx_word' id='word_1_39' title='bbox 968 372 975 394; x_wconf 91' lang='lat'>:</span> 
     </span>
     <span class='ocr_line' id='line_1_7' title="bbox 75 403 1000 450; baseline 0.002 -13"><span class='ocrx_word' id='word_1_40' title='bbox 75 403 122 437; x_wconf 87' lang='lat' dir='ltr'><strong>Di</strong></span> <span class='ocrx_word' id='word_1_41' title='bbox 137 405 252 448; x_wconf 85' lang='lat' dir='ltr'><strong>patrii,</strong></span> <span class='ocrx_word' id='word_1_42' title='bbox 269 416 416 448; x_wconf 88' lang='lat' dir='ltr'><strong>quorum</strong></span> <span class='ocrx_word' id='word_1_43' title='bbox 432 417 565 449; x_wconf 83' lang='lat' dir='ltr'>semper</span> <span class='ocrx_word' id='word_1_44' title='bbox 581 406 644 439; x_wconf 87' lang='lat' dir='ltr'><strong>sub</strong></span> <span class='ocrx_word' id='word_1_45' title='bbox 662 407 805 439; x_wconf 83' lang='lat' dir='ltr'><strong>numine</strong></span> <span class='ocrx_word' id='word_1_46' title='bbox 822 406 922 450; x_wconf 84' lang='lat' dir='ltr'><strong>Troja</strong></span> <span class='ocrx_word' id='word_1_47' title='bbox 939 410 1000 449; x_wconf 84' lang='lat' dir='ltr'><strong>est,</strong></span> 
     </span>
     <span class='ocr_line' id='line_1_8' title="bbox 74 449 893 495; baseline 0.002 -13"><span class='ocrx_word' id='word_1_48' title='bbox 74 449 154 483; x_wconf 84' lang='lat' dir='ltr'><strong>Non</strong></span> <span class='ocrx_word' id='word_1_49' title='bbox 170 454 289 483; x_wconf 78' lang='lat' dir='ltr'><strong>tamen</strong></span> <span class='ocrx_word' id='word_1_50' title='bbox 305 451 444 484; x_wconf 86' lang='lat' dir='ltr'><strong>omnino</strong></span> <span class='ocrx_word' id='word_1_51' title='bbox 461 451 607 484; x_wconf 84' lang='lat' dir='ltr'><strong>Teucros</strong></span> <span class='ocrx_word' id='word_1_52' title='bbox 625 451 737 485; x_wconf 87' lang='lat' dir='ltr'><strong>delere</strong></span> <span class='ocrx_word' id='word_1_53' title='bbox 753 453 893 495; x_wconf 86' lang='lat' dir='ltr'><strong>paratis,</strong></span> 
     </span>
    </p>

    <p class='ocr_par' dir='ltr' id='par_1_3' title="bbox 77 495 1031 540">
     <span class='ocr_line' id='line_1_9' title="bbox 77 495 1031 540; baseline 0.001 -12"><span class='ocrx_word' id='word_1_54' title='bbox 77 495 192 535; x_wconf 86' lang='lat' dir='ltr'><strong>Quum</strong></span> <span class='ocrx_word' id='word_1_55' title='bbox 208 495 295 529; x_wconf 82' lang='lat' dir='ltr'><strong>tales</strong></span> <span class='ocrx_word' id='word_1_56' title='bbox 312 497 444 529; x_wconf 83' lang='lat' dir='ltr'><strong>animos</strong></span> <span class='ocrx_word' id='word_1_57' title='bbox 456 497 628 540; x_wconf 87' lang='lat' dir='ltr'><strong>juvenum</strong></span> <span class='ocrx_word' id='word_1_58' title='bbox 646 500 681 530; x_wconf 86' lang='lat' dir='ltr'><strong>et</strong></span> <span class='ocrx_word' id='word_1_59' title='bbox 698 502 772 530; x_wconf 84' lang='lat' dir='ltr'><strong>tam</strong></span> <span class='ocrx_word' id='word_1_60' title='bbox 789 501 883 531; x_wconf 88' lang='lat' dir='ltr'><strong>certa</strong></span> <span class='ocrx_word' id='word_1_61' title='bbox 899 496 1031 530; x_wconf 86' lang='lat' dir='ltr'><strong>tulistis</strong></span> 
     </span>
    </p>
   </div>
   <div class='ocr_carea' id='block_1_3' title="bbox 1128 113 1195 146">
    <p class='ocr_par' dir='ltr' id='par_1_4' title="bbox 1128 113 1195 146">
     <span class='ocr_line' id='line_1_10' title="bbox 1128 113 1195 146; baseline 0.015 -1"><span class='ocrx_word' id='word_1_62' title='bbox 1128 113 1195 146; x_wconf 82' lang='lat'><strong>277</strong></span> 
     </span>
    </p>
   </div>
   <div class='ocr_carea' id='block_1_4' title="bbox 77 539 1196 583">
    <p class='ocr_par' dir='ltr' id='par_1_5' title="bbox 77 539 1196 583">
     <span class='ocr_line' id='line_1_11' title="bbox 77 539 1196 583; baseline 0.001 -9"><span class='ocrx_word' id='word_1_63' title='bbox 77 539 253 575; x_wconf 85' lang='lat' dir='ltr'><strong>Pectora.”</strong></span> <span class='ocrx_word' id='word_1_64' title='bbox 287 539 343 572; x_wconf 85' lang='lat' dir='ltr'><strong>Sic</strong></span> <span class='ocrx_word' id='word_1_65' title='bbox 353 550 559 582; x_wconf 82' lang='lat' dir='ltr'><strong>memoranS,</strong></span> <span class='ocrx_word' id='word_1_66' title='bbox 573 539 733 572; x_wconf 83' lang='lat' dir='ltr'>humeros</span> <span class='ocrx_word' id='word_1_67' title='bbox 745 539 954 583; x_wconf 72' lang='lat' dir='ltr'><strong>dextrasque</strong></span> <span class='ocrx_word' id='word_1_68' title='bbox 970 541 1109 575; x_wconf 80' lang='lat' dir='ltr'><strong>tenebat</strong></span> <span class='ocrx_word' id='word_1_69' title='bbox 1129 544 1196 574; x_wconf 78' lang='lat'><strong>250</strong></span> 
     </span>
    </p>
   </div>
   <div class='ocr_carea' id='block_1_5' title="bbox 33 584 1053 1584">
    <p class='ocr_par' dir='ltr' id='par_1_6' title="bbox 75 584 1027 854">
     <span class='ocr_line' id='line_1_12' title="bbox 77 584 1027 628; baseline 0 -8"><span class='ocrx_word' id='word_1_70' title='bbox 77 586 277 626; x_wconf 81' lang='lat' dir='ltr'><strong>Amborum,</strong></span> <span class='ocrx_word' id='word_1_71' title='bbox 294 589 329 618; x_wconf 84' lang='lat' dir='ltr'><strong>et</strong></span> <span class='ocrx_word' id='word_1_72' title='bbox 346 584 486 618; x_wconf 77' lang='lat' dir='ltr'><strong>vultum</strong></span> <span class='ocrx_word' id='word_1_73' title='bbox 502 584 653 618; x_wconf 80' lang='lat' dir='ltr'>lacrimis</span> <span class='ocrx_word' id='word_1_74' title='bbox 671 590 776 628; x_wconf 86' lang='lat' dir='ltr'><strong>atque</strong></span> <span class='ocrx_word' id='word_1_75' title='bbox 794 596 853 618; x_wconf 83' lang='lat' dir='ltr'><strong>ora</strong></span> <span class='ocrx_word' id='word_1_76' title='bbox 868 586 1005 628; x_wconf 76' lang='lat' dir='ltr'>rigabat</span> <span class='ocrx_word' id='word_1_77' title='bbox 1021 598 1027 620; x_wconf 91' lang='lat'><strong>:</strong></span> 
     </span>
     <span class='ocr_line' id='line_1_13' title="bbox 77 629 992 674; baseline -0.002 -10"><span class='ocrx_word' id='word_1_78' title='bbox 77 633 96 650; x_wconf 68' lang='lat'><strong>‘⁵</strong></span> <span class='ocrx_word' id='word_1_79' title='bbox 111 632 196 673; x_wconf 81' lang='lat' dir='ltr'><strong>Quae</strong></span> <span class='ocrx_word' id='word_1_80' title='bbox 213 629 318 673; x_wconf 83' lang='lat' dir='ltr'><strong>vobis,</strong></span> <span class='ocrx_word' id='word_1_81' title='bbox 336 641 413 674; x_wconf 85' lang='lat' dir='ltr'><strong>quae</strong></span> <span class='ocrx_word' id='word_1_82' title='bbox 430 630 545 673; x_wconf 84' lang='lat' dir='ltr'><strong>digna,</strong></span> <span class='ocrx_word' id='word_1_83' title='bbox 564 631 639 673; x_wconf 86' lang='lat' dir='ltr'><strong>viri,</strong></span> <span class='ocrx_word' id='word_1_84' title='bbox 657 641 718 674; x_wconf 88' lang='lat' dir='ltr'><strong>pro</strong></span> <span class='ocrx_word' id='word_1_85' title='bbox 734 630 897 663; x_wconf 81' lang='lat' dir='ltr'>laudibus</span> <span class='ocrx_word' id='word_1_86' title='bbox 917 631 992 663; x_wconf 82' lang='lat' dir='ltr'><strong>istis</strong></span> 
     </span>
     <span class='ocr_line' id='line_1_14' title="bbox 76 675 988 719; baseline -0.001 -11"><span class='ocrx_word' id='word_1_87' title='bbox 76 675 225 709; x_wconf 80' lang='lat' dir='ltr'><strong>Praemia</strong></span> <span class='ocrx_word' id='word_1_88' title='bbox 241 686 338 719; x_wconf 89' lang='lat' dir='ltr'><strong>posse</strong></span> <span class='ocrx_word' id='word_1_89' title='bbox 354 687 431 708; x_wconf 88' lang='lat' dir='ltr'><strong>rear</strong></span> <span class='ocrx_word' id='word_1_90' title='bbox 447 675 533 708; x_wconf 84' lang='lat' dir='ltr'><strong>solvi</strong></span> <span class='ocrx_word' id='word_1_91' title='bbox 548 675 561 708; x_wconf 72' lang='grc' dir='ltr'><strong>’ἔ</strong></span> <span class='ocrx_word' id='word_1_92' title='bbox 585 675 819 718; x_wconf 76' lang='lat' dir='ltr'><strong>pulcherrima</strong></span> <span class='ocrx_word' id='word_1_93' title='bbox 835 676 988 718; x_wconf 87' lang='lat' dir='ltr'><strong>primum</strong></span> 
     </span>
     <span class='ocr_line' id='line_1_15' title="bbox 75 720 982 764; baseline -0.002 -10"><span class='ocrx_word' id='word_1_94' title='bbox 75 720 123 754; x_wconf 91' lang='lat' dir='ltr'><strong>Di</strong></span> <span class='ocrx_word' id='word_1_95' title='bbox 138 732 316 764; x_wconf 78' lang='lat' dir='ltr'><strong>moresque</strong></span> <span class='ocrx_word' id='word_1_96' title='bbox 333 721 468 754; x_wconf 85' lang='lat' dir='ltr'><strong>dabunt</strong></span> <span class='ocrx_word' id='word_1_97' title='bbox 484 721 590 754; x_wconf 76' lang='lat' dir='ltr'><strong>vestri</strong></span> <span class='ocrx_word' id='word_1_98' title='bbox 603 734 612 761; x_wconf 79' lang='lat'>3</span> <span class='ocrx_word' id='word_1_99' title='bbox 637 725 714 753; x_wconf 89' lang='lat' dir='ltr'><strong>tum</strong></span> <span class='ocrx_word' id='word_1_100' title='bbox 731 726 845 753; x_wconf 87' lang='lat' dir='ltr'><strong>cetera</strong></span> <span class='ocrx_word' id='word_1_101' title='bbox 861 720 982 753; x_wconf 85' lang='lat' dir='ltr'><strong>reddet</strong></span> 
     </span>
     <span class='ocr_line' id='line_1_16' title="bbox 75 766 848 810; baseline -0.001 -11"><span class='ocrx_word' id='word_1_102' title='bbox 75 767 247 800; x_wconf 84' lang='lat' dir='ltr'><strong>Actutum</strong></span> <span class='ocrx_word' id='word_1_103' title='bbox 263 767 342 810; x_wconf 90' lang='lat' dir='ltr'><strong>pius</strong></span> <span class='ocrx_word' id='word_1_104' title='bbox 358 766 494 808; x_wconf 84' lang='lat' dir='ltr'><strong>AEneas,</strong></span> <span class='ocrx_word' id='word_1_105' title='bbox 511 770 616 809; x_wconf 89' lang='lat' dir='ltr'><strong>atque</strong></span> <span class='ocrx_word' id='word_1_106' title='bbox 633 766 767 808; x_wconf 77' lang='lat' dir='ltr'><strong>integer</strong></span> <span class='ocrx_word' id='word_1_107' title='bbox 784 766 848 798; x_wconf 69' lang='lat' dir='ltr'><strong>aeri</strong></span> 
     </span>
     <span class='ocr_line' id='line_1_17' title="bbox 75 811 958 854; baseline 0 -10"><span class='ocrx_word' id='word_1_108' title='bbox 75 812 255 854; x_wconf 80' lang='lat' dir='ltr'><strong>Ascanius,</strong></span> <span class='ocrx_word' id='word_1_109' title='bbox 271 812 388 844; x_wconf 81' lang='lat' dir='ltr'><strong>meriti</strong></span> <span class='ocrx_word' id='word_1_110' title='bbox 404 812 496 844; x_wconf 88' lang='lat' dir='ltr'><strong>tanti</strong></span> <span class='ocrx_word' id='word_1_111' title='bbox 512 822 582 844; x_wconf 90' lang='lat' dir='ltr'><strong>non</strong></span> <span class='ocrx_word' id='word_1_112' title='bbox 598 811 777 843; x_wconf 88' lang='lat' dir='ltr'><strong>immemor</strong></span> <span class='ocrx_word' id='word_1_113' title='bbox 793 822 958 854; x_wconf 84' lang='lat' dir='ltr'><strong>unquam.</strong></span> 
     </span>
    </p>

    <p class='ocr_par' dir='ltr' id='par_1_7' title="bbox 33 856 1033 1219">
     <span class='ocr_line' id='line_1_18' title="bbox 33 856 968 900; baseline -0.002 -10"><span class='ocrx_word' id='word_1_114' title='bbox 33 856 37 859; x_wconf 80' lang='grc'><strong>’</strong></span> <span class='ocrx_word' id='word_1_115' title='bbox 77 857 188 890; x_wconf 89' lang='lat' dir='ltr'><strong>Immo</strong></span> <span class='ocrx_word' id='word_1_116' title='bbox 205 868 266 900; x_wconf 86' lang='lat' dir='ltr'><strong>ego</strong></span> <span class='ocrx_word' id='word_1_117' title='bbox 283 868 352 898; x_wconf 83' lang='lat' dir='ltr'><strong>vos,</strong></span> <span class='ocrx_word' id='word_1_118' title='bbox 370 857 427 889; x_wconf 85' lang='lat' dir='ltr'><strong>cui</strong></span> <span class='ocrx_word' id='word_1_119' title='bbox 445 857 516 890; x_wconf 84' lang='lat' dir='ltr'><strong>sola</strong></span> <span class='ocrx_word' id='word_1_120' title='bbox 534 856 625 889; x_wconf 85' lang='lat' dir='ltr'><strong>salus</strong></span> <span class='ocrx_word' id='word_1_121' title='bbox 643 857 798 899; x_wconf 82' lang='lat' dir='ltr'><strong>genitore</strong></span> <span class='ocrx_word' id='word_1_122' title='bbox 815 856 968 898; x_wconf 86' lang='lat' dir='ltr'><strong>reducto,</strong></span> 
     </span>
     <span class='ocr_line' id='line_1_19' title="bbox 75 901 947 946; baseline -0.002 -10"><span class='ocrx_word' id='word_1_123' title='bbox 75 901 218 946; x_wconf 77' lang='lat' dir='ltr'><strong>Excipit</strong></span> <span class='ocrx_word' id='word_1_124' title='bbox 236 902 414 945; x_wconf 86' lang='lat' dir='ltr'><strong>Ascanius,</strong></span> <span class='ocrx_word' id='word_1_125' title='bbox 431 913 494 945; x_wconf 88' lang='lat' dir='ltr'><strong>per</strong></span> <span class='ocrx_word' id='word_1_126' title='bbox 509 913 662 945; x_wconf 82' lang='lat' dir='ltr'><strong>magnos,</strong></span> <span class='ocrx_word' id='word_1_127' title='bbox 679 902 772 944; x_wconf 84' lang='lat' dir='ltr'><strong>Nise,</strong></span> <span class='ocrx_word' id='word_1_128' title='bbox 790 901 947 944; x_wconf 80' lang='lat' dir='ltr'>Penates,</span> 
     </span>
     <span class='ocr_line' id='line_1_20' title="bbox 75 947 970 991; baseline 0 -11"><span class='ocrx_word' id='word_1_129' title='bbox 75 947 303 991; x_wconf 81' lang='lat' dir='ltr'><strong>Assaracique</strong></span> <span class='ocrx_word' id='word_1_130' title='bbox 319 947 451 990; x_wconf 80' lang='lat' dir='ltr'><strong>Larem,</strong></span> <span class='ocrx_word' id='word_1_131' title='bbox 469 952 504 981; x_wconf 82' lang='lat' dir='ltr'><strong>et</strong></span> <span class='ocrx_word' id='word_1_132' title='bbox 521 958 617 981; x_wconf 83' lang='lat' dir='ltr'><strong>canae</strong></span> <span class='ocrx_word' id='word_1_133' title='bbox 633 947 826 991; x_wconf 86' lang='lat' dir='ltr'><strong>penetralia</strong></span> <span class='ocrx_word' id='word_1_134' title='bbox 844 947 970 989; x_wconf 85' lang='lat' dir='ltr'><strong>Vestae,</strong></span> 
     </span>
     <span class='ocr_line' id='line_1_21' title="bbox 76 992 1033 1037; baseline -0.001 -11"><span class='ocrx_word' id='word_1_135' title='bbox 76 992 236 1027; x_wconf 87' lang='lat' dir='ltr'><strong>Obtestor</strong></span> <span class='ocrx_word' id='word_1_136' title='bbox 252 1004 534 1037; x_wconf 75' lang='lat' dir='ltr'><strong>z—quaecumque</strong></span> <span class='ocrx_word' id='word_1_137' title='bbox 549 993 638 1026; x_wconf 83' lang='lat' dir='ltr'><strong>mihi</strong></span> <span class='ocrx_word' id='word_1_138' title='bbox 653 993 794 1026; x_wconf 84' lang='lat' dir='ltr'><strong>fortuna</strong></span> <span class='ocrx_word' id='word_1_139' title='bbox 811 992 964 1036; x_wconf 84' lang='lat' dir='ltr'><strong>fidesque</strong></span> <span class='ocrx_word' id='word_1_140' title='bbox 983 997 1033 1026; x_wconf 81' lang='lat' dir='ltr'><strong>est</strong></span> 
     </span>
     <span class='ocr_line' id='line_1_22' title="bbox 76 1038 946 1082; baseline 0 -11"><span class='ocrx_word' id='word_1_141' title='bbox 76 1038 119 1072; x_wconf 92' lang='lat' dir='ltr'><strong>In</strong></span> <span class='ocrx_word' id='word_1_142' title='bbox 136 1038 258 1072; x_wconf 84' lang='lat' dir='ltr'><strong>vestris</strong></span> <span class='ocrx_word' id='word_1_143' title='bbox 275 1050 364 1082; x_wconf 91' lang='lat' dir='ltr'><strong>pono</strong></span> <span class='ocrx_word' id='word_1_144' title='bbox 382 1039 726 1081; x_wconf 80' lang='lat' dir='ltr'><strong>gremiis—revocate</strong></span> <span class='ocrx_word' id='word_1_145' title='bbox 743 1043 923 1082; x_wconf 86' lang='lat' dir='ltr'><strong>parentem</strong></span> <span class='ocrx_word' id='word_1_146' title='bbox 938 1051 946 1079; x_wconf 85' lang='lat'><em>3</em></span> 
     </span>
     <span class='ocr_line' id='line_1_23' title="bbox 76 1083 962 1128; baseline 0 -11"><span class='ocrx_word' id='word_1_147' title='bbox 76 1083 226 1117; x_wconf 80' lang='lat' dir='ltr'><strong>Reddite</strong></span> <span class='ocrx_word' id='word_1_148' title='bbox 243 1088 466 1128; x_wconf 87' lang='lat' dir='ltr'><strong>conspectum</strong></span> <span class='ocrx_word' id='word_1_149' title='bbox 483 1097 491 1125; x_wconf 82' lang='lat'>3</span> <span class='ocrx_word' id='word_1_150' title='bbox 515 1084 606 1117; x_wconf 85' lang='lat' dir='ltr'><strong>nihil</strong></span> <span class='ocrx_word' id='word_1_151' title='bbox 622 1084 683 1117; x_wconf 89' lang='lat' dir='ltr'><strong>illo</strong></span> <span class='ocrx_word' id='word_1_152' title='bbox 699 1084 799 1117; x_wconf 83' lang='lat' dir='ltr'><strong>triste</strong></span> <span class='ocrx_word' id='word_1_153' title='bbox 815 1088 962 1127; x_wconf 88' lang='lat' dir='ltr'><strong>recepto.</strong></span> 
     </span>
     <span class='ocr_line' id='line_1_24' title="bbox 74 1129 982 1174; baseline 0.001 -12"><span class='ocrx_word' id='word_1_154' title='bbox 74 1129 165 1163; x_wconf 85' lang='lat' dir='ltr'><strong>Bina</strong></span> <span class='ocrx_word' id='word_1_155' title='bbox 182 1129 270 1163; x_wconf 84' lang='lat' dir='ltr'><strong>dabo</strong></span> <span class='ocrx_word' id='word_1_156' title='bbox 286 1134 430 1172; x_wconf 83' lang='lat' dir='ltr'><strong>argento</strong></span> <span class='ocrx_word' id='word_1_157' title='bbox 446 1131 599 1173; x_wconf 83' lang='lat' dir='ltr'><strong>perfecta</strong></span> <span class='ocrx_word' id='word_1_158' title='bbox 615 1134 720 1174; x_wconf 80' lang='lat' dir='ltr'><strong>atque</strong></span> <span class='ocrx_word' id='word_1_159' title='bbox 737 1141 858 1174; x_wconf 87' lang='lat' dir='ltr'><strong>aspera</strong></span> <span class='ocrx_word' id='word_1_160' title='bbox 874 1130 982 1173; x_wconf 82' lang='lat' dir='ltr'><strong>signis</strong></span> 
     </span>
     <span class='ocr_line' id='line_1_25' title="bbox 76 1174 889 1219; baseline 0.001 -12"><span class='ocrx_word' id='word_1_161' title='bbox 76 1174 215 1218; x_wconf 80' lang='lat' dir='ltr'><strong>Pocula,</strong></span> <span class='ocrx_word' id='word_1_162' title='bbox 233 1175 370 1208; x_wconf 82' lang='lat' dir='ltr'><strong>devicta</strong></span> <span class='ocrx_word' id='word_1_163' title='bbox 386 1176 522 1217; x_wconf 85' lang='lat' dir='ltr'><strong>genitor</strong></span> <span class='ocrx_word' id='word_1_164' title='bbox 539 1187 614 1219; x_wconf 82' lang='lat' dir='ltr'><strong>quae</strong></span> <span class='ocrx_word' id='word_1_165' title='bbox 632 1176 724 1219; x_wconf 87' lang='lat' dir='ltr'><strong>cepit</strong></span> <span class='ocrx_word' id='word_1_166' title='bbox 742 1175 865 1208; x_wconf 84' lang='lat' dir='ltr'><strong>Arisba</strong></span> <span class='ocrx_word' id='word_1_167' title='bbox 881 1188 889 1216; x_wconf 88' lang='lat'>;</span> 
     </span>
    </p>

    <p class='ocr_par' dir='ltr' id='par_1_8' title="bbox 75 1219 970 1310">
     <span class='ocr_line' id='line_1_26' title="bbox 75 1219 970 1264; baseline 0 -10"><span class='ocrx_word' id='word_1_168' title='bbox 75 1219 122 1254; x_wconf 88' lang='lat' dir='ltr'><strong>Et</strong></span> <span class='ocrx_word' id='word_1_169' title='bbox 138 1220 292 1264; x_wconf 78' lang='lat' dir='ltr'><strong>tripodas</strong></span> <span class='ocrx_word' id='word_1_170' title='bbox 310 1221 474 1264; x_wconf 83' lang='lat' dir='ltr'><strong>geminos,</strong></span> <span class='ocrx_word' id='word_1_171' title='bbox 491 1221 567 1254; x_wconf 81' lang='lat' dir='ltr'><strong>auri</strong></span> <span class='ocrx_word' id='word_1_172' title='bbox 584 1221 652 1254; x_wconf 86' lang='lat' dir='ltr'><strong>duo</strong></span> <span class='ocrx_word' id='word_1_173' title='bbox 668 1232 796 1264; x_wconf 82' lang='lat' dir='ltr'><strong>magna</strong></span> <span class='ocrx_word' id='word_1_174' title='bbox 813 1221 947 1255; x_wconf 84' lang='lat' dir='ltr'><strong>talenta</strong></span> <span class='ocrx_word' id='word_1_175' title='bbox 962 1233 970 1261; x_wconf 90' lang='lat'>;</span> 
     </span>
     <span class='ocr_line' id='line_1_27' title="bbox 77 1265 901 1310; baseline 0.001 -11"><span class='ocrx_word' id='word_1_176' title='bbox 77 1265 217 1299; x_wconf 87' lang='lat' dir='ltr'><strong>Cratera</strong></span> <span class='ocrx_word' id='word_1_177' title='bbox 233 1266 429 1309; x_wconf 88' lang='lat' dir='ltr'><strong>antiquum,</strong></span> <span class='ocrx_word' id='word_1_178' title='bbox 447 1278 550 1310; x_wconf 91' lang='lat' dir='ltr'><strong>quem</strong></span> <span class='ocrx_word' id='word_1_179' title='bbox 567 1266 628 1299; x_wconf 86' lang='lat' dir='ltr'><strong>dat</strong></span> <span class='ocrx_word' id='word_1_180' title='bbox 645 1266 786 1300; x_wconf 84' lang='lat' dir='ltr'><strong>Sidonia</strong></span> <span class='ocrx_word' id='word_1_181' title='bbox 802 1266 901 1300; x_wconf 88' lang='lat' dir='ltr'><strong>Dido.</strong></span> 
     </span>
    </p>

    <p class='ocr_par' dir='ltr' id='par_1_9' title="bbox 75 1311 1053 1584">
     <span class='ocr_line' id='line_1_28' title="bbox 76 1311 856 1356; baseline -0.001 -11"><span class='ocrx_word' id='word_1_182' title='bbox 76 1311 113 1345; x_wconf 85' lang='lat' dir='ltr'><strong>Si</strong></span> <span class='ocrx_word' id='word_1_183' title='bbox 129 1323 208 1345; x_wconf 88' lang='lat' dir='ltr'><strong>vero</strong></span> <span class='ocrx_word' id='word_1_184' title='bbox 225 1323 347 1355; x_wconf 85' lang='lat' dir='ltr'><strong>capere</strong></span> <span class='ocrx_word' id='word_1_185' title='bbox 365 1312 507 1345; x_wconf 89' lang='lat' dir='ltr'><strong>Italiam</strong></span> <span class='ocrx_word' id='word_1_186' title='bbox 523 1312 734 1356; x_wconf 87' lang='lat' dir='ltr'><strong>sceptrisque</strong></span> <span class='ocrx_word' id='word_1_187' title='bbox 751 1312 856 1355; x_wconf 90' lang='lat' dir='ltr'><strong>potiri</strong></span> 
     </span>
     <span class='ocr_line' id='line_1_29' title="bbox 76 1356 920 1401; baseline 0 -11"><span class='ocrx_word' id='word_1_188' title='bbox 76 1356 268 1401; x_wconf 84' lang='lat' dir='ltr'><strong>Contigerit</strong></span> <span class='ocrx_word' id='word_1_189' title='bbox 286 1358 419 1400; x_wconf 84' lang='lat' dir='ltr'><strong>victori,</strong></span> <span class='ocrx_word' id='word_1_190' title='bbox 437 1361 472 1391; x_wconf 85' lang='lat' dir='ltr'><strong>et</strong></span> <span class='ocrx_word' id='word_1_191' title='bbox 488 1358 613 1401; x_wconf 82' lang='lat' dir='ltr'><strong>praedae</strong></span> <span class='ocrx_word' id='word_1_192' title='bbox 630 1358 755 1390; x_wconf 89' lang='lat' dir='ltr'><strong>ducere</strong></span> <span class='ocrx_word' id='word_1_193' title='bbox 772 1361 898 1390; x_wconf 90' lang='lat' dir='ltr'><strong>sortem</strong></span> <span class='ocrx_word' id='word_1_194' title='bbox 912 1369 920 1390; x_wconf 88' lang='lat'>:</span> 
     </span>
     <span class='ocr_line' id='line_1_30' title="bbox 76 1402 998 1447; baseline 0 -11"><span class='ocrx_word' id='word_1_195' title='bbox 76 1402 215 1446; x_wconf 82' lang='lat' dir='ltr'><strong>Vidisti,</strong></span> <span class='ocrx_word' id='word_1_196' title='bbox 234 1414 302 1446; x_wconf 91' lang='lat' dir='ltr'><strong>quo</strong></span> <span class='ocrx_word' id='word_1_197' title='bbox 319 1403 456 1436; x_wconf 77' lang='lat' dir='ltr'><strong>Turnus</strong></span> <span class='ocrx_word' id='word_1_198' title='bbox 474 1415 570 1447; x_wconf 89' lang='lat' dir='ltr'><strong>equo,</strong></span> <span class='ocrx_word' id='word_1_199' title='bbox 589 1403 714 1447; x_wconf 85' lang='lat' dir='ltr'><strong>quibus</strong></span> <span class='ocrx_word' id='word_1_200' title='bbox 729 1403 803 1436; x_wconf 89' lang='lat' dir='ltr'><strong>ibat</strong></span> <span class='ocrx_word' id='word_1_201' title='bbox 819 1403 857 1435; x_wconf 89' lang='lat' dir='ltr'><strong>in</strong></span> <span class='ocrx_word' id='word_1_202' title='bbox 873 1403 977 1436; x_wconf 82' lang='lat' dir='ltr'><strong>armis</strong></span> <span class='ocrx_word' id='word_1_203' title='bbox 989 1436 998 1442; x_wconf 77' lang='grc'><strong><em>,</em></strong></span> 
     </span>
     <span class='ocr_line' id='line_1_31' title="bbox 75 1448 1053 1493; baseline 0.001 -12"><span class='ocrx_word' id='word_1_204' title='bbox 75 1449 211 1481; x_wconf 86' lang='lat' dir='ltr'><strong>Aureus</strong></span> <span class='ocrx_word' id='word_1_205' title='bbox 227 1461 236 1490; x_wconf 80' lang='lat'>3</span> <span class='ocrx_word' id='word_1_206' title='bbox 260 1449 375 1493; x_wconf 87' lang='lat' dir='ltr'><strong>ipsum</strong></span> <span class='ocrx_word' id='word_1_207' title='bbox 391 1449 503 1492; x_wconf 84' lang='lat' dir='ltr'><strong>fflum,</strong></span> <span class='ocrx_word' id='word_1_208' title='bbox 521 1449 671 1493; x_wconf 89' lang='lat' dir='ltr'><strong>c]ipeum</strong></span> <span class='ocrx_word' id='word_1_209' title='bbox 688 1449 876 1493; x_wconf 78' lang='lat' dir='ltr'><strong>cristasque</strong></span> <span class='ocrx_word' id='word_1_210' title='bbox 891 1448 1053 1482; x_wconf 85' lang='lat' dir='ltr'><strong>rubentes</strong></span> 
     </span>
     <span class='ocr_line' id='line_1_32' title="bbox 75 1493 928 1538; baseline 0 -11"><span class='ocrx_word' id='word_1_211' title='bbox 75 1493 261 1538; x_wconf 82' lang='lat' dir='ltr'><strong>Excipiam</strong></span> <span class='ocrx_word' id='word_1_212' title='bbox 278 1494 370 1536; x_wconf 82' lang='lat' dir='ltr'><strong>sorti,</strong></span> <span class='ocrx_word' id='word_1_213' title='bbox 383 1496 458 1538; x_wconf 87' lang='lat' dir='ltr'><strong>jam</strong></span> <span class='ocrx_word' id='word_1_214' title='bbox 475 1506 570 1528; x_wconf 90' lang='lat' dir='ltr'><strong>nunc</strong></span> <span class='ocrx_word' id='word_1_215' title='bbox 586 1499 649 1528; x_wconf 80' lang='lat' dir='ltr'><strong>tua</strong></span> <span class='ocrx_word' id='word_1_216' title='bbox 666 1495 817 1538; x_wconf 75' lang='lat' dir='ltr'><strong>praemia,</strong></span> <span class='ocrx_word' id='word_1_217' title='bbox 835 1494 928 1528; x_wconf 86' lang='lat' dir='ltr'><strong>Nise.</strong></span> 
     </span>
     <span class='ocr_line' id='line_1_33' title="bbox 75 1538 918 1584; baseline 0.001 -12"><span class='ocrx_word' id='word_1_218' title='bbox 75 1538 247 1574; x_wconf 84' lang='lat' dir='ltr'><strong>Praet-erea</strong></span> <span class='ocrx_word' id='word_1_219' title='bbox 263 1539 315 1573; x_wconf 90' lang='lat' dir='ltr'><strong>bis</strong></span> <span class='ocrx_word' id='word_1_220' title='bbox 333 1551 393 1573; x_wconf 81' lang='lat' dir='ltr'><strong>sex</strong></span> <span class='ocrx_word' id='word_1_221' title='bbox 409 1541 546 1584; x_wconf 84' lang='lat' dir='ltr'><strong>genitor</strong></span> <span class='ocrx_word' id='word_1_222' title='bbox 561 1540 748 1574; x_wconf 86' lang='lat' dir='ltr'><strong>lectissima</strong></span> <span class='ocrx_word' id='word_1_223' title='bbox 763 1543 918 1573; x_wconf 87' lang='lat' dir='ltr'><strong>matrum</strong></span> 
     </span>
    </p>
   </div>
   <div class='ocr_carea' id='block_1_6' title="bbox 76 1584 1058 1638">
    <p class='ocr_par' dir='ltr' id='par_1_10' title="bbox 76 1584 1058 1638">
     <span class='ocr_line' id='line_1_34' title="bbox 76 1584 1058 1638; baseline 0 -19"><span class='ocrx_word' id='word_1_224' title='bbox 76 1584 234 1629; x_wconf 85' lang='lat' dir='ltr'><strong>Corpora,</strong></span> <span class='ocrx_word' id='word_1_225' title='bbox 251 1586 475 1638; x_wconf 74' lang='lat' dir='ltr'><strong>captivosque</strong></span> <span class='ocrx_word' id='word_1_226' title='bbox 493 1586 600 1629; x_wconf 87' lang='lat' dir='ltr'><strong>dabit,</strong></span> <span class='ocrx_word' id='word_1_227' title='bbox 617 1597 747 1629; x_wconf 86' lang='lat' dir='ltr'><strong>suaque</strong></span> <span class='ocrx_word' id='word_1_228' title='bbox 764 1585 924 1619; x_wconf 90' lang='lat' dir='ltr'><strong>omnibus</strong></span> <span class='ocrx_word' id='word_1_229' title='bbox 940 1596 1058 1626; x_wconf 79' lang='lat' dir='ltr'><strong>arma3</strong></span> 
     </span>
    </p>
   </div>
   <div class='ocr_carea' id='block_1_7' title="bbox 27 1630 1009 1814">
    <p class='ocr_par' dir='ltr' id='par_1_11' title="bbox 27 1630 1009 1814">
     <span class='ocr_line' id='line_1_35' title="bbox 27 1630 1009 1675; baseline 0.001 -11"><span class='ocrx_word' id='word_1_230' title='bbox 27 1655 30 1658; x_wconf 80' lang='lat'>-</span> <span class='ocrx_word' id='word_1_231' title='bbox 76 1630 227 1675; x_wconf 85' lang='lat' dir='ltr'><strong>Insuper</strong></span> <span class='ocrx_word' id='word_1_232' title='bbox 242 1631 306 1674; x_wconf 76' lang='lat' dir='ltr'><strong>his,</strong></span> <span class='ocrx_word' id='word_1_233' title='bbox 324 1632 438 1675; x_wconf 85' lang='lat' dir='ltr'><strong>campi</strong></span> <span class='ocrx_word' id='word_1_234' title='bbox 456 1632 547 1675; x_wconf 92' lang='lat' dir='ltr'><strong>quod</strong></span> <span class='ocrx_word' id='word_1_235' title='bbox 564 1643 627 1665; x_wconf 79' lang='lat' dir='ltr'><strong>rex</strong></span> <span class='ocrx_word' id='word_1_236' title='bbox 642 1631 747 1665; x_wconf 87' lang='lat' dir='ltr'><strong>habet</strong></span> <span class='ocrx_word' id='word_1_237' title='bbox 763 1631 837 1675; x_wconf 90' lang='lat' dir='ltr'><strong>ipse</strong></span> <span class='ocrx_word' id='word_1_238' title='bbox 854 1631 1009 1665; x_wconf 82' lang='lat' dir='ltr'><strong>Latinus.</strong></span> 
     </span>
     <span class='ocr_line' id='line_1_36' title="bbox 75 1675 913 1721; baseline 0 -11"><span class='ocrx_word' id='word_1_239' title='bbox 75 1675 123 1710; x_wconf 75' lang='lat' dir='ltr'><strong>Te</strong></span> <span class='ocrx_word' id='word_1_240' title='bbox 139 1688 228 1719; x_wconf 86' lang='lat' dir='ltr'><strong>vero,</strong></span> <span class='ocrx_word' id='word_1_241' title='bbox 245 1688 323 1710; x_wconf 84' lang='lat' dir='ltr'><strong>mea</strong></span> <span class='ocrx_word' id='word_1_242' title='bbox 339 1688 442 1721; x_wconf 88' lang='lat' dir='ltr'><strong>quem</strong></span> <span class='ocrx_word' id='word_1_243' title='bbox 459 1678 580 1721; x_wconf 86' lang='lat' dir='ltr'><strong>spatiis</strong></span> <span class='ocrx_word' id='word_1_244' title='bbox 597 1676 812 1721; x_wconf 85' lang='lat' dir='ltr'><strong>propioribus</strong></span> <span class='ocrx_word' id='word_1_245' title='bbox 830 1679 913 1710; x_wconf 73' lang='lat' dir='ltr'><strong>aetas</strong></span> 
     </span>
     <span class='ocr_line' id='line_1_37' title="bbox 76 1721 942 1767; baseline 0 -12"><span class='ocrx_word' id='word_1_246' title='bbox 76 1721 286 1766; x_wconf 86' lang='lat' dir='ltr'><strong>Insequitur,</strong></span> <span class='ocrx_word' id='word_1_247' title='bbox 303 1723 499 1762; x_wconf 82' lang='lat' dir='ltr'><strong>venerande</strong></span> <span class='ocrx_word' id='word_1_248' title='bbox 515 1735 610 1767; x_wconf 87' lang='lat' dir='ltr'><strong>puer,</strong></span> <span class='ocrx_word' id='word_1_249' title='bbox 623 1724 698 1767; x_wconf 90' lang='lat' dir='ltr'><strong>jam</strong></span> <span class='ocrx_word' id='word_1_250' title='bbox 714 1726 852 1766; x_wconf 82' lang='lat' dir='ltr'><strong>pectore</strong></span> <span class='ocrx_word' id='word_1_251' title='bbox 868 1725 942 1755; x_wconf 89' lang='lat' dir='ltr'><strong>toto</strong></span> 
     </span>
     <span class='ocr_line' id='line_1_38' title="bbox 75 1765 996 1814; baseline 0.002 -13"><span class='ocrx_word' id='word_1_252' title='bbox 75 1765 228 1812; x_wconf 87' lang='lat' dir='ltr'><strong>Accipio,</strong></span> <span class='ocrx_word' id='word_1_253' title='bbox 245 1771 282 1802; x_wconf 86' lang='lat' dir='ltr'><strong>et</strong></span> <span class='ocrx_word' id='word_1_254' title='bbox 297 1768 458 1803; x_wconf 84' lang='lat' dir='ltr'><strong>comitem</strong></span> <span class='ocrx_word' id='word_1_255' title='bbox 475 1780 574 1803; x_wconf 87' lang='lat' dir='ltr'><strong>casus</strong></span> <span class='ocrx_word' id='word_1_256' title='bbox 591 1769 799 1814; x_wconf 85' lang='lat' dir='ltr'><strong>complector</strong></span> <span class='ocrx_word' id='word_1_257' title='bbox 814 1768 853 1802; x_wconf 90' lang='lat' dir='ltr'><strong>in</strong></span> <span class='ocrx_word' id='word_1_258' title='bbox 869 1778 996 1803; x_wconf 80' lang='lat' dir='ltr'><strong>omnes.</strong></span> 
     </span>
    </p>
   </div>
   <div class='ocr_carea' id='block_1_8' title="bbox 1124 995 1191 1026">
    <p class='ocr_par' dir='ltr' id='par_1_12' title="bbox 1124 995 1191 1026">
     <span class='ocr_line' id='line_1_39' title="bbox 1124 995 1191 1026; baseline -0.015 0"><span class='ocrx_word' id='word_1_259' title='bbox 1124 995 1191 1026; x_wconf 76' lang='lat'><strong>260</strong></span> 
     </span>
    </p>
   </div>
   <div class='ocr_carea' id='block_1_9' title="bbox 1125 1450 1194 1484">
    <p class='ocr_par' dir='ltr' id='par_1_13' title="bbox 1125 1450 1194 1484">
     <span class='ocr_line' id='line_1_40' title="bbox 1125 1450 1194 1484; baseline 0 -1"><span class='ocrx_word' id='word_1_260' title='bbox 1125 1450 1194 1484; x_wconf 80' lang='lat'><strong>270</strong></span> 
     </span>
    </p>
   </div>
  </div>
 </body>
</html>
