1330 1932
459 55 681 91 AENEIDOS
706 56 793 90 LIB.
812 56 891 90 VII.
1171 58 1235 90 231

122 122 267 156 Tectum
283 127 483 168 augustum,
500 124 633 167 ingens,
651 127 792 157 cent-um
809 124 956 158 sublime
973 123 1153 169 columnis,
1171 127 1238 159 170

122 168 214 201 Urbe
231 168 302 201 fuit
318 180 462 212 summa,
473 169 656 202 Laurentis
672 169 768 212 reg-ia
784 169 870 212 Pici,

121 213 344 247 Horrendum
361 215 456 247 silvis
472 218 507 248 et
522 214 689 258 religione
705 218 900 258 parentum.

121 258 190 291 Hic
207 263 343 302 sceptra
359 260 522 303 accipere,
541 263 576 292 et
593 260 720 303 primos
737 260 896 292 attollere
912 259 1021 293 fasces

120 303 273 347 Regibus
290 315 390 337 omen
407 309 481 338 erat
490 317 499 346 ;
523 304 588 338 hoc
604 305 674 338 illis
692 305 788 338 curia
804 305 986 349 templum,

121 348 186 381 Hae
205 349 309 382 sacris
327 350 422 382 sedes
440 350 552 393 epulis
565 362 575 391 3
599 349 657 383 hic
674 350 782 383 ariete
800 361 887 383 caeso

119 393 303 438 Perpetuis
320 395 413 428 soliti
428 399 545 438 patres
561 395 736 428 considere
752 395 889 429 mensis.

119 438 213 479 Quin
231 440 338 473 etiam
354 444 513 473 veterum
528 440 658 483 effigies
676 452 720 474 ex
737 441 856 473 ordine
873 451 1018 474 avorum

118 483 275 528 Antiqua
292 496 310 518 e
327 485 438 529 cedro,
456 485 648 529 Italusque,
665 490 833 529 paterque
850 486 999 519 Sabinus

118 528 286 562 Vitisator
303 541 446 563 curvam
462 542 601 564 servans
618 530 682 564 sub
699 531 851 574 imagine
868 531 1005 574 falcem,

117 573 357 619 Saturnusque
375 587 490 619 senex,
505 577 531 609 J
533 576 660 620 auique
676 576 836 609 bifrontis
852 577 977 619 imago,
1168 579 1234 610 180

119 619 299 653 Vestibulo
316 620 502 654 adstabant
515 634 524 662 ς
548 621 679 664 aliique
696 621 739 655 ab
756 622 888 664 origine
904 633 1011 665 regeS‚

117 664 317 708 Martiaque
333 665 376 699 ob
391 667 543 709 patriam
559 667 747 710 pugnando
766 667 912 700 vulnera
928 667 1029 711 passi.

117 709 303 754 Multaque
319 716 486 755 praeterea
503 712 606 745 sacris
623 712 661 744 in
677 712 833 755 postibus
850 723 956 755 arma,

117 755 256 799 Captivi
272 756 425 799 pendent
442 768 571 799 currus,
589 768 771 800 curvaeque
788 768 932 800 secures,

116 800 164 833 Et
181 801 292 834 cristae
310 802 476 845 capitum,
494 806 530 835 et
546 806 724 846 portarum
740 802 899 849 ingentia
916 803 1078 846 claustra,

115 845 335 889 Spiculaque,
353 847 533 891 clipeique,
551 851 737 890 ereptaque
753 851 864 880 rostra
881 848 1016 881 carinis.

115 890 195 934 Ipse
213 891 385 932 Quirinali
401 892 490 925 lituo
507 904 683 936 parvaque
700 893 841 926 sedebat

114 935 320 970 Succinctus
337 937 466 980 trabea,
483 938 639 982 laevaque
655 938 768 971 ancile
785 937 927 982 gerebat

114 980 228 1024 Picus,
246 993 375 1025 equum
392 982 557 1017 domitor:
583 994 687 1027 quem
703 988 806 1028 capta
823 984 987 1028 cupidine
1004 985 1133 1028 conjux

114 1026 231 1060 Aurea
247 1038 449 1071 percussum
465 1029 574 1072 virga,
591 1040 798 1073 versumque
815 1030 966 1073 venenis,
1167 1033 1232 1064 190

114 1072 212 1105 Fecit
229 1083 328 1106 avem
346 1073 451 1116 Circe,
469 1075 663 1119 sparsitque
679 1075 849 1108 coloribus
866 1075 948 1108 alas.

114 1117 190 1150 Tali
206 1118 302 1150 intus
319 1119 448 1162 templo
465 1120 586 1153 divum
602 1120 785 1164 patriaque
802 1120 948 1154 Latinus

113 1161 201 1196 Sede
218 1163 339 1196 sedens
356 1164 503 1198 Teucros
519 1166 565 1199 ad
581 1177 653 1199 sese
669 1166 708 1198 in
723 1169 818 1199 tecta
834 1166 993 1206 vocavit3

113 1207 230 1252 Atque
247 1209 322 1242 haec
337 1209 500 1253 ingressis
516 1211 653 1254 placido
672 1211 766 1255 prior
782 1211 892 1244 edidit
909 1222 984 1244 ore:

159 1256 179 1271 “
190 1255 315 1296 Dicite,
331 1254 553 1296 Dardanidae,
569 1266 683 1299 neque
700 1255 793 1288 enim
808 1254 982 1286 nescimus
999 1258 1034 1287 et
1051 1255 1172 1288 urbem

112 1297 159 1330 Et
176 1309 294 1340 genus,
312 1298 494 1341 auditique
511 1299 692 1333 advertitis
710 1309 844 1342 aequore
862 1309 1011 1340 cursum,

114 1343 206 1383 Quid
223 1343 368 1386 petitis?
393 1354 471 1386 quae
489 1355 592 1377 causa
607 1349 708 1387 rates,
726 1347 788 1377 aut
805 1345 904 1387 cujus
921 1347 1062 1386 egentes

112 1387 213 1421 Litus
229 1388 274 1421 ad
291 1388 486 1421 Ausonium
502 1393 556 1423 tot
571 1401 633 1433 per
648 1390 739 1423 vada
755 1390 882 1422 caerula
898 1389 996 1422 vexit
1010 1388 1022 1422 2

112 1433 193 1467 Sive
210 1445 321 1467 errore
338 1434 414 1477 viae,
432 1446 492 1468 seu
508 1435 774 1479 tempestatibus
791 1435 920 1477 acti,—

113 1479 238 1520 Qualia
253 1479 367 1512 multa
382 1480 472 1513 mari
487 1484 604 1514 nautae
621 1481 807 1525 patiuntur
822 1480 860 1512 in
877 1480 996 1513 alto—
1163 1482 1230 1514 200

111 1524 284 1557 Fluminis
300 1525 458 1558 intrastis
474 1525 578 1569 ripas,
594 1530 766 1570 portuque
783 1525 908 1559 sedetis
922 1537 930 1559 :

111 1569 164 1603 Ne
180 1570 294 1613 fugite
309 1570 510 1614 hospitium,
527 1582 614 1605 neve
630 1572 788 1615 ignorate
803 1571 945 1605 Latinos

111 1615 255 1649 Saturni
271 1619 421 1659 gentem,
438 1616 534 1650 haud
551 1617 665 1650 vinclo
681 1629 745 1651 nec
761 1617 896 1661 legibus
914 1627 1060 1662 aequam,

111 1660 242 1705 Sponte
258 1672 321 1694 sua
337 1662 531 1706 veterisque
547 1662 603 1696 dei
619 1674 654 1696 se
669 1674 764 1696 more
780 1666 967 1697 tenentem.

111 1706 229 1751 Atque
246 1706 407 1751 equidem
422 1708 708 1743 memini—fama
723 1712 776 1743 est
793 1708 967 1744 obscurior
983 1707 1131 1742 annis——
