1345 1927
133 87 200 118 326
440 84 475 118 P.
503 85 705 119 VIRGILII
732 85 944 119 MARONIS

134 150 179 183 Et
198 151 354 184 Venulus
371 151 464 186 dicto
479 164 602 196 parens
618 152 668 185 ita
686 152 790 186 farier
806 151 884 184 infit
898 163 905 184 :

178 199 196 215 “
208 197 379 239 Vidimus,
398 209 417 231 o
434 198 535 236 cives,
557 197 759 230 Diomedem
782 196 980 239 Argivaque
999 196 1121 236 castra,

134 241 249 285 Atque
266 242 333 275 iter
349 243 478 275 emensi
495 254 593 275 casus
611 243 848 286 superavimus
865 252 981 274 omnes
996 253 1004 281 ;

133 286 418 331 Contigimusque
435 300 588 330 manum,
607 300 674 331 qua
691 287 842 320 concidit
862 287 927 319 Ilia
943 286 1057 320 tellus.

135 331 199 365 Ille
215 332 333 365 urbem
353 333 571 377 Argyripam,
589 333 712 377 patriae
729 333 930 376 cognomine
947 332 1072 376 gentis,

134 376 254 411 Victor
271 378 422 422 Gargani
440 378 609 412 condebat
627 379 768 423 Iapygis
785 379 883 411 arvis.

132 423 322 467 Postquam
338 425 547 467 introgressi,
565 430 600 457 et
617 435 731 457 coram
748 424 831 457 data
848 423 948 468 copia
964 422 1063 456 fandi
1079 433 1086 456 :

132 468 280 502 Munera
299 470 524 513 praeferimus,
542 481 666 503 nomen
684 470 900 513 patriamque
917 469 1079 502 docemus
1094 479 1103 508 ;

132 513 200 554 Qui
216 514 347 548 bellum
364 515 559 553 intulerint,
577 526 653 559 quae
671 526 775 548 causa
791 514 979 548 attraxerit
996 514 1117 558 Arpos.
1183 513 1252 546 250

132 559 271 593 Auditis
288 560 347 593 ille
365 560 438 593 haec
456 560 657 604 placidosic
674 560 828 593 reddidit
845 571 901 593 ore
915 571 922 593 τ

131 605 142 622 ‘
155 605 183 638 O
200 605 388 638 fortunatae
405 612 540 648 gentes,
557 603 722 638 Saturnia
738 613 856 648 regna,

130 650 278 693 Antiqui
296 650 450 692 Ausonii,
469 659 545 692 quae
563 660 622 681 vos
639 648 782 681 fortuna
798 649 933 691 quietos

130 695 314 737 Sollicitat,
332 695 524 738 suadetque
541 694 662 737 ignota
678 694 841 727 lacessere
858 693 949 726 bella
963 692 975 726 '1

131 741 348 784 Quicumque
368 741 490 773 Iliacos
506 740 596 773 ferro
614 739 819 772 violavimus
836 749 994 782 agros,—

131 786 236 819 Mitto
254 798 303 828 ea,
322 797 400 829 quae
417 785 524 818 muris
542 784 702 818 bellando
720 785 892 817 exhausta
909 783 973 816 sub
989 783 1080 824 altis,

132 831 223 872 Quos
241 831 366 865 Simois
383 835 518 875 premat
535 831 594 863 ille
612 829 904 872 viros,—infanda
920 840 982 873 per
998 829 1115 862 orbem

130 876 310 921 Supplicia
327 882 362 910 et
379 877 546 910 scelerum
564 887 682 920 poenas
699 875 928 919 expendimus
945 885 1072 916 omnes,

132 922 195 955 Vel
214 923 351 956 Priamo
368 921 562 955 miseranda
579 932 703 954 manus
719 933 727 961 ;
753 921 818 953 scit
835 921 934 953 triste
951 920 1121 953 Minervae

129 967 242 1010 Sidus,
260 972 296 1001 et
313 968 475 1001 Eubo'ieae
493 971 621 1008 cautes,
638 966 799 1010 ultorque
817 965 1022 1009 Caphereus.
1182 966 1251 998 260

133 1013 262 1046 Mili-tia
279 1025 322 1046 ex
339 1013 402 1046 illa
419 1013 593 1045 diversum
611 1012 655 1045 ad
672 1012 756 1045 litus
774 1011 900 1053 adacti,

132 1059 269 1092 Atrides
288 1058 403 1092 Protei
421 1058 601 1091 Menelaus
619 1057 773 1101 adusque
791 1057 967 1089 columnas

132 1105 279 1138 Exsulat
295 1117 302 1145 ;
327 1104 483 1137 AEtnaeos
500 1103 589 1136 vidit
607 1102 773 1146 Cyclopas
791 1103 922 1135 Ulixes.

130 1150 253 1194 Regna
269 1149 486 1194 Neoptolemi
504 1148 661 1189 referam,
679 1159 861 1191 versosque
878 1152 1020 1191 penates

130 1195 308 1229 Idomenei
324 1195 336 1228 3
361 1195 534 1238 Libycone
551 1193 749 1231 habitantes
766 1193 865 1226 litore
883 1192 1032 1226 Locros?

131 1241 210 1285 Ipse
228 1242 428 1284 Mycenaeus
445 1251 649 1283 magnorum
667 1239 790 1272 ductor
808 1239 981 1272 Achivum

131 1287 294 1331 Conjugis
311 1286 464 1319 infandae
483 1286 595 1330 prima
612 1285 705 1318 intra
722 1285 843 1318 limina
860 1284 985 1317 dextra

131 1333 289 1376 Oppetiit
303 1344 312 1373 ;
338 1332 511 1365 devictam
529 1331 648 1364 Asiam
667 1330 822 1363 subsedit
839 1329 986 1363 adulter.

131 1378 301 1411 Invidisse
319 1378 408 1419 deos,
426 1376 548 1421 patriis
560 1381 602 1409 ut
618 1376 774 1409 redditus
791 1375 859 1408 aris

131 1424 340 1467 Conjugium
357 1427 518 1466 optatum
535 1426 570 1455 et
587 1421 770 1466 pulchram
785 1421 961 1464 Calydona
972 1419 1148 1454 viderem?
1182 1421 1250 1454 270

130 1469 234 1502 Nunc
251 1469 357 1502 etiam
374 1468 529 1501 horribili
550 1468 628 1500 visu
645 1471 806 1511 portenta
823 1471 1027 1510 sequuntur,

131 1515 177 1548 Et
194 1515 276 1548 socii
293 1514 410 1547 amissi
427 1514 604 1558 petierunt
620 1512 751 1545 aethera
768 1512 901 1556 pennis,

130 1560 158 1593 F
161 1560 420 1604 luminibusque
436 1564 610 1602 vagantur
627 1569 716 1600 τινες,
733 1557 802 1591 heu
819 1557 894 1590 dira
909 1568 1067 1590 meorum

131 1605 311 1649 Supplicia
326 1609 332 1640 !
360 1610 395 1639 et
413 1604 567 1648 scopulos
586 1603 775 1637 lacrimosis
792 1602 933 1636 vocibus
950 1602 1109 1646 implent.

132 1650 218 1683 Haee
234 1651 319 1684 adeo
337 1662 380 1684 ex
397 1650 457 1683 illo
474 1650 561 1682 mihi
573 1651 648 1693 jam
665 1648 834 1692 speranda
850 1648 995 1680 fuerunt

131 1696 306 1740 Tempore,
324 1707 431 1739 quum
447 1696 537 1728 ferro
554 1694 707 1728 eoelestia
724 1705 865 1738 corpora
881 1693 1024 1726 demens

131 1741 283 1786 Appetii,
297 1746 332 1774 et
350 1741 493 1774 Veneris
510 1740 638 1774 violavi
655 1739 797 1773 vulnere
814 1739 986 1772 dextram
