1330 1932
431 57 652 92 AENEIDOS
676 58 763 92 LIB.
790 58 839 92 ΙΙ.
1129 59 1193 92 133

80 123 158 157 Illic
174 135 227 157 res
243 123 343 168 laetae,
359 135 584 168 regnumque,
602 127 637 158 et
653 124 748 167 regia
765 125 894 168 conjux

79 168 185 202 Parta
201 169 266 203 tibi
281 182 288 210 ;
312 170 472 204 lacrimas
490 170 624 203 dilectae
641 170 731 213 pelle
749 170 893 203 Oreusae.

77 214 112 248 N
113 226 158 248 on
174 226 236 258 ego
253 215 514 259 Myrmidonum
532 216 626 249 sedes
643 215 859 259 Dolopumve
876 215 1039 259 superbas

77 259 265 304 Aspiciam,
283 265 345 294 aut
363 261 473 295 Graiis
491 261 657 294 servitum
673 261 844 294 matribus
860 261 926 304 ibo,

76 305 258 350 Dardanis,
276 310 311 340 et
328 307 415 340 divae
433 307 576 340 Veneris
592 318 701 339 nurus
715 318 721 340 :

77 350 144 385 Sed
159 363 215 385 me
231 363 359 395 magna
376 351 480 385 desim
497 352 656 395 genetrix
673 352 727 385 his
745 351 879 385 detinet
896 351 971 386 oris.

76 397 228 441 Jamque
245 398 331 440 vale,
349 401 384 431 et
400 398 475 431 nati
493 409 590 431 serva
607 397 797 431 communis
815 395 986 432 amorem.’

76 442 162 475 Haec
178 442 239 476 ubi
255 443 350 476 dicta
366 443 472 486 dedit,
485 443 734 486 lacrimantem,
748 447 782 476 et
799 443 912 476 multa
924 444 1097 478 volentem
1124 445 1189 479 790

75 487 207 530 Dicere,
225 489 386 533 deseruit,
403 492 592 533 tenuesque
609 489 748 522 recessit
764 489 801 521 in
818 500 929 524 auras,

75 533 140 567 Ter
156 538 300 568 conatus
317 535 366 567 ibi
383 535 469 568 collo
487 535 568 568 dare
585 534 727 568 brachia
743 535 874 568 circum
889 547 897 576 ;

75 579 140 613 Ter
156 579 285 613 frustra
301 591 501 624 comprensa
516 591 641 613 manus
658 580 780 623 effugit
797 580 921 624 imago,

75 624 144 658 Par
159 625 292 659 levibus
308 626 431 669 ventis,
448 626 647 669 volucrique
665 626 840 659 simillima
857 638 984 660 somno.

74 670 131 704 Sic
148 671 288 704 demum
305 672 409 705 socios
422 653 608 705 ²consumta
624 675 725 704 nocte
740 672 859 705 reviso.

120 714 266 758 “Atque
283 715 340 748 hic
356 716 535 760 ingentem
552 717 719 749 comitum
736 717 912 751 affluxisse
931 728 1102 751 novorum

74 760 219 794 Invenio
236 761 410 794 admirans
426 771 620 802 numerum,
637 764 843 803 matresque,
860 760 1027 804 virosque,

74 806 261 839 Collectam
277 806 398 839 exsilio
414 805 550 858 pubem,
566 805 760 838 miserabile
777 805 912 848 vulgus.

73 851 235 895 Undique
251 863 448 894 convenere,
467 851 591 884 animis
609 851 798 895 opibusque
814 851 939 894 parati,

74 897 118 930 In
135 908 368 950 quascumque
387 878 493 931 velim
509 897 632 941 pelago
649 897 818 930 deducere
835 901 952 931 terras.
1119 900 1186 932 800

72 942 224 986 Jamque
235 943 331 987 jugis
349 954 490 976 summae
509 942 671 986 surgebat
688 943 826 975 Lucifer
844 943 924 986 Idae,

71 988 299 1033 Ducebatque
315 989 407 1022 diem
421 1001 430 1030 ς
454 989 637 1032 Danaique
654 988 787 1022 obsessa
805 989 970 1022 tenebant

72 1033 209 1067 Limina
226 1039 404 1078 portarum
418 1047 426 1075 3
451 1046 514 1068 nec
532 1046 607 1078 spes
624 1034 697 1078 opis
715 1034 788 1067 ulla
805 1034 963 1069 dabatur,

72 1079 173 1124 Cessi,
190 1083 225 1114 et
242 1079 378 1115 sublato
394 1084 548 1114 montem
563 1081 719 1125 genitore
735 1080 855 1125 petivi.
