1345 1927
94 89 136 121 10
402 86 438 119 P.
466 85 668 119 VIRGILII
695 85 909 120 MARONIS

92 155 251 189 Delectos
268 154 389 188 heroas
404 167 412 195 ;
437 158 540 188 erunt
557 155 662 188 etiam
679 154 788 188 altera
804 154 905 198 bella,

93 202 209 245 Atque
228 201 355 234 iterum
371 200 415 234 ad
433 200 568 243 Trojam
585 212 732 244 magnus
749 201 911 234 mittetur
927 200 1090 236 Achilles.

94 247 197 290 Hinc,
215 247 276 280 ubi
288 248 363 290 jam
380 246 518 280 firmata
534 247 648 279 virum
666 251 700 280 te
717 247 837 280 fecerit
854 253 948 291 aetas,

93 293 199 327 Cedet
216 296 252 326 et
268 293 341 337 ipse
358 292 446 326 mari
464 296 579 326 vector
594 305 601 333 ;
626 304 688 326 nec
705 293 848 326 nautica
864 295 967 337 pinus

93 339 250 373 Mutabit
266 350 396 372 merces
410 351 417 372 :
443 339 553 372 omnis
569 338 658 372 feret
674 339 790 372 omnia
807 339 911 372 tellus
925 351 931 372 :

93 385 127 418 N
129 397 173 419 on
189 388 315 419 rastros
332 385 487 429 patietur
503 384 640 427 humus,
657 396 726 418 non
743 385 845 418 vinea
861 385 986 418 falcem
1000 398 1008 426 ;

96 431 271 465 Robustus
288 442 424 475 quoque
437 432 511 475 jam
529 431 637 464 tauris
650 432 739 475 juga
755 431 863 464 solvet
880 436 994 464 arator
1008 444 1017 473 ;

94 477 168 511 Nec
184 478 295 511 varios
313 477 422 510 discet
439 477 579 510 mentiri
596 477 677 510 lana
694 477 839 520 colores,

96 523 175 568 Ipse
192 524 250 557 sed
267 523 304 556 in
321 523 429 567 pratis
446 523 534 556 aries
546 524 621 567 jam
638 534 743 556 suave
759 522 899 556 rubenti

96 569 239 613 Murice,
253 570 328 614 jam
346 580 463 602 croceo
479 569 631 602 mutabit
647 569 775 602 vellera
792 568 865 602 luto
881 581 889 610 ς

96 615 226 660 Sponte
244 626 306 648 sua
323 615 459 658 sandyx
477 619 655 659 pascentes
672 615 798 648 vestiet
814 625 930 658 agnos.

99 663 117 679 “
131 661 228 694 Talia
245 659 377 700 saecla‚'⁷
396 660 466 693 suis
485 659 660 701 dixerunt,
680 661 698 689 ‘.‘
711 661 868 702 currite‚”
886 660 972 694 fusis

97 702 287 735 Concordes
305 702 421 735 stabili
438 703 591 736 fatorum
607 703 751 736 numine
770 704 896 738 Parcae.

97 748 295 792 Aggredere
312 759 330 781 ο
348 760 501 792 magnos,
519 749 631 782 aderit
643 751 718 793 jam
736 753 882 794 tempus,
901 750 1055 794 honores,

97 794 184 828 Cara
201 793 305 827 desim
319 794 463 837 suboles,
480 806 648 838 magnum
665 795 691 828 J
693 796 765 828 ovis
783 796 1035 830 incrementum
1050 797 1057 830 Ξ

97 840 223 884 Aspice
240 851 393 874 convexo
411 844 597 874 nutantem
614 841 765 885 pondere
781 842 963 885 mundum,

96 886 296 930 Terrasque,
314 890 516 931 tractusque
531 887 646 930 maris,
664 887 858 932 coelumque
875 888 1087 932 profundum
1101 901 1110 930 ;

97 932 232 977 Aspice,
250 936 397 966 venturo
414 933 582 966 laetantur
597 937 639 967 ut
656 934 772 967 omnia
789 934 898 967 saeclo.

98 978 126 1012 O
143 979 231 1012 mihi
248 982 321 1012 tam
339 979 451 1022 longae
467 984 608 1013 maneat
625 991 704 1023 pars
721 979 847 1013 ultima
865 980 956 1023 vitae,

97 1024 248 1069 Spiritus
266 1029 311 1068 et,
329 1029 503 1069 quantum
520 1030 574 1059 sat
592 1026 658 1059 erit
675 1030 738 1058 tua
755 1025 868 1059 dicere
885 1027 988 1060 facta.

98 1070 131 1104 N
133 1083 178 1104 on
194 1083 250 1105 me
267 1071 479 1105 carminibus
497 1072 614 1105 vincet
631 1083 694 1105 nec
712 1072 879 1105 Thracius
897 1073 1064 1117 Orpheus,

1175 386 1220 417 40

1182 844 1226 875 50

97 1117 131 1150 N
133 1129 171 1150 ec
188 1117 295 1150 Linus
311 1130 318 1157 ;
343 1117 426 1150 huic
442 1122 555 1151 mater
571 1118 730 1162 quamvis
747 1122 853 1162 atque
870 1118 952 1152 huic
970 1123 1069 1163 pater
1085 1119 1186 1162 adsib,

100 1163 228 1207 Orphei
246 1163 429 1208 Calliopea,
448 1164 534 1197 Lino
551 1164 720 1197 formosus
737 1164 870 1208 Apollo.

99 1209 175 1243 Pan
192 1210 298 1243 etiam
316 1209 465 1243 Arcadia
481 1221 618 1243 mecum
636 1210 663 1243 si
676 1210 796 1254 judice
812 1214 940 1253 certe&

99 1255 175 1289 Pan
192 1256 298 1289 etiam
316 1256 465 1289 Arcadia
482 1256 577 1289 dicat
594 1267 628 1289 se
641 1256 761 1300 judice
778 1257 920 1290 victum.

101 1302 230 1346 Incipe,
248 1314 354 1346 parve
371 1313 467 1346 puer,
485 1302 557 1335 risu
575 1313 776 1345 cognoscere
793 1306 940 1336 matrem
956 1315 964 1344 ;

99 1348 208 1381 Mabri
225 1348 330 1392 longa
347 1348 466 1381 decem
483 1348 642 1381 tulerunt
659 1348 802 1382 fastidia
818 1360 952 1382 menses

101 1394 231 1439 Incipe,
250 1406 355 1439 parve
373 1405 481 1438 puer3
507 1394 563 1427 cui
581 1405 650 1427 non
667 1394 771 1427 risere
788 1398 957 1438 parentes,

101 1441 173 1474 Nec
191 1441 276 1474 deus
293 1441 388 1474 hunc
405 1452 533 1479 mensa,
553 1441 617 1474 dea
634 1451 697 1473 nec
715 1440 861 1484 dignata
878 1440 986 1474 cubili
1003 1444 1064 1475 est.

405 1555 585 1590 ECLOGA
611 1555 651 1589 V.
700 1553 921 1588 DAPHNIS.

475 1645 675 1669 MENALCAS.
715 1644 862 1668 MOPSUS.

134 1713 232 1747 ΜΕΝ.
251 1713 328 1747 Gna
345 1725 425 1756 non,
443 1713 574 1757 Mopse,
591 1712 671 1746 boni
690 1712 855 1756 quoniam
873 1712 1096 1746 convenimus
1113 1711 1224 1753 ambo,

103 1759 157 1793 'ru
174 1760 324 1793 calamos
342 1759 463 1793 inflare
482 1759 583 1803 leves,
601 1770 663 1803 ego
682 1759 794 1792 dicere
811 1770 939 1801 versus,
