1345 1927
175 41 242 73 318
481 70 486 72 ,
527 39 748 74 AENEIDOS
774 39 862 74 LIB.
887 39 928 74 X.

169 105 315 148 Vellere,
333 109 368 139 et
385 111 530 150 urgetur
546 118 664 150 pugna
681 118 882 151 congressus
898 106 1040 151 iniqua:
1319 135 1321 150 ,

169 150 285 184 Multa
300 163 440 185 movens
457 152 582 195 animo,
595 153 670 196 jam
687 153 830 186 tandem
847 152 1009 196 erumpit,
1025 155 1062 186 et
1078 151 1170 186 inter
1217 153 1286 186 890
1319 162 1321 165 ·

169 196 351 230 Bellatoris
367 197 448 241 equi
464 208 549 231 cava
565 201 721 242 tempora
738 198 879 241 conjicit
895 197 1040 231 hastam

170 242 276 276 Tollit
292 254 327 276 se
342 247 516 276 arrectum
533 243 738 287 quadrupes,
756 247 791 276 et
808 242 960 276 calcibus
977 253 1080 276 auras

170 287 346 330 Verberat,
365 288 581 332 effusumque
598 289 750 332 equitem
768 299 871 332 super
887 288 960 332 ipse
977 291 1117 322 secutus

170 331 343 377 Implicat,
361 335 538 378 ejectoque
554 334 726 367 incumbit
743 345 890 367 cernuus
907 345 1011 367 armo.

170 378 325 412 Clamore
342 379 534 412 incendunt
551 379 677 412 coelum
694 379 866 423 Troesque
883 379 1079 423 Latinique.

173 423 321 458 Advolat
339 425 474 466 AEnea3‚
491 425 687 469 vaginaque
704 425 808 469 eripit
824 436 950 467 ensem,

171 465 218 499 Et
235 478 338 511 super
353 468 427 500 haec
443 480 450 501 :
477 470 495 485 “
511 469 578 502 Ubi
595 479 687 501 nunc
705 469 899 502 Mezentius
915 480 1003 510 acer,
1021 473 1057 503 et
1073 469 1136 503 illa.

171 511 286 545 Effera
303 513 354 545 vis
371 513 480 546 animi
495 512 530 546 2'’
557 514 683 547 Contra
700 513 907 557 Tyrrhenus,
926 519 965 547 ut
981 525 1082 548 auras

172 556 369 600 Suspiciens
386 557 504 592 hausit
521 559 655 600 coelum,
673 563 894 602 mentemque
909 560 1058 604 recepit:

172 603 191 619 “
207 602 326 636 Hostis
344 614 469 642 amare,
487 604 571 646 quid
589 604 785 647 increpitaS,
803 609 1017 648 mortemque
1033 605 1176 639 minaris
1191 605 1204 639 ’ἒ
1221 606 1289 639 900

170 644 317 677 Nullum
334 648 371 678 in
387 646 481 679 caede
498 646 595 679 nefas
610 659 618 687 ;
642 658 706 680 nec
723 648 771 680 sic
788 648 832 681 ad
849 648 973 692 proelia
988 649 1067 682 veni
1083 662 1091 691 ;

170 689 242 723 Nec
259 695 375 724 tecum
391 703 488 724 meus
506 692 578 725 haec
595 693 729 736 pepigit
745 693 833 726 mihi
849 694 980 727 foedera.
996 694 1138 729 Lausus.

172 735 289 769 Unum
305 736 378 779 hoc,
396 748 465 781 per,
484 737 511 770 si
529 748 599 781 qua
616 743 667 771 est
684 738 786 771 victis
803 739 905 772 venia
921 739 1086 783 hostibus,
1104 752 1179 775 oro:

170 782 299 826 Corpus
316 782 422 815 humo
439 783 571 826 patiare
589 784 668 827 tegi.
716 783 793 818 Scio
810 784 933 818 acerba
948 796 1104 819 meorum

171 827 402 861 Circumstare
419 828 518 862 odia:
543 829 648 872 hunc,
666 840 733 871 oro,
751 829 898 863 defende
914 827 1076 875 furor'em,

169 872 216 906 Et
231 884 287 906 me
303 877 494 906 consortem
511 874 586 907 nati
603 875 750 908 concede
767 874 953 919 sepulcro.”

170 917 256 951 Haec
272 918 436 962 loquitur,
448 920 643 963 juguloque
660 920 754 953 haud
771 921 900 954 inscius
917 921 1045 966 accipit
1061 933 1188 966 ensem,

170 962 397 1008 Undantique
413 965 565 998 animam
582 965 750 999 diffundit
765 966 803 999 in
819 978 916 1000 arma
932 978 1062 1002 cruore.
