1330 1932
381 63 603 104 AENEID'OS
627 71 716 105 LIB.
742 71 783 105 V.
1076 72 1143 103 185

32 133 131 170 Certa
145 140 298 180 manent,
315 138 434 182 puerig
451 142 486 171 et
502 138 655 182 palmam
670 141 786 171 movet
803 136 922 170 ordine
938 147 1039 170 nemo
1053 149 1060 170 :

31 179 89 214 Me
106 181 208 216 liceat
225 195 323 216 casus
340 183 493 217 miserari
509 183 655 217 insontis
671 182 802 216 amici.”
1072 185 1140 216 350

30 224 86 259 Sic
101 227 206 270 fatus,
223 233 360 271 tergum
378 229 506 262 Gaetuli
522 229 672 262 immane
689 229 797 262 leonis

28 270 99 305 Dat
116 272 217 315 Salio,
235 275 327 307 villis
344 286 524 308 onerosum
541 279 646 316 atque
663 274 839 317 unguibus
856 274 979 308 aureis.

31 316 99 349 Hic
116 317 230 359 Nisus,
248 319 315 352 “Si
332 319 464 363 tanta,’'
479 321 604 364 inquit,
622 321 732 353 “sunt
748 318 891 362 praemia
907 317 1020 359 victis,

27 361 74 395 Et
90 366 125 396 te
141 362 315 406 lapsorum
330 363 490 397 miseret:
516 374 592 406 quae
608 373 753 395 munera
769 362 852 395 Niso

27 406 144 451 Digna
160 408 257 441 dabis
270 408 283 441 ’.ἱ
307 409 455 452 primam
469 409 581 442 merui
597 408 657 452 qui
673 408 776 441 laude
793 418 964 451 coronam,

26 452 73 486 Ni
88 465 154 496 me,
171 465 249 497 quae
266 454 408 497 Salium,
425 454 566 487 fortuna
582 454 724 487 inimica
740 453 878 486 tulisset
890 449 918 487 :²¹

27 498 73 532 Et
90 499 194 532 simul
210 499 264 532 his
281 500 384 533 dictis
400 500 524 533 faciem
541 499 747 541 ostentabat,
765 504 799 532 et
816 499 883 532 udo

27 544 157 588 Turpia
171 545 326 579 membra
341 546 431 579 fimo.
472 546 563 578 Risit
578 550 678 589 pater
694 545 846 589 optimus
863 544 933 587 olli,

27 589 74 623 Et
90 591 241 634 clipeum
258 591 370 624 efferri
381 592 498 634 jussit,
515 591 742 634 Didymaonis
758 594 859 628 artes,

26 634 184 679 Neptuni
201 648 295 670 sacro
311 637 442 670 Danais
459 637 501 670 de
518 642 614 680 poste
630 636 787 670 refixum.
1074 637 1140 671 360

27 680 104 714 Hoc
115 682 282 725 juvenem
297 682 475 726 egregium
491 683 671 726 praestanti
687 693 830 715 munere
847 681 964 715 donat.

74 727 167 766 Post,
185 727 243 760 ubi
259 728 407 761 confecti
424 739 553 770 cursus,
571 732 606 761 et
622 728 712 761 dona
729 728 863 771 peregit
876 740 885 768 ;

28 769 48 787 “
59 769 93 803 N
95 782 172 813 unc,
189 771 218 803 si
235 771 293 804 cui
309 771 420 803 virtus
438 772 643 815 animusque
662 772 699 803 in
716 777 851 815 pectore
870 781 1019 813 przesens

32 816 141 858 Adsit,
157 820 192 849 et
208 816 353 849 evinctis
369 817 510 850 attollat
526 817 667 849 brachia
684 816 842 859 palmis.'⁷

27 860 84 894 Sic
100 861 160 903 ait,
177 864 212 894 et
228 861 407 904 geminum
424 871 551 904 pugnae
567 861 728 904 proponit
746 860 928 894 honorem:

28 906 160 939 Victori
175 906 331 940 velatum
347 918 433 939 auro
448 907 615 950 vittisque
626 907 819 950 juvencum
835 918 843 945 ;

26 951 154 985 Ensem
171 956 276 995 atque
292 952 466 995 insignem
481 952 627 995 galeam,
645 951 769 984 solatia
785 951 887 984 victo.

25 997 59 1031 N
61 1009 99 1030 ec
116 1009 212 1031 mora
226 1010 234 1038 ;
259 998 423 1031 continuo
440 998 547 1031 vastis
565 1009 644 1030 cum
661 997 792 1031 viribus
810 997 909 1030 effert

27 1043 95 1076 Ora
111 1043 229 1086 Dares,
245 1054 439 1087 magnoque
456 1043 571 1076 virfim
588 1054 622 1076 se
638 1055 817 1076 murmure
834 1043 927 1076 tollit
942 1055 950 1084 ;

24 1088 124 1122 Solus
141 1089 202 1132 qui
218 1089 380 1122 Paridem
397 1089 517 1122 solitus
535 1089 742 1122 contendere
759 1093 888 1132 contra,
1075 1090 1143 1123 370

27 1134 193 1178 Idemque
209 1134 254 1167 ad
271 1134 458 1177 tumulum,
475 1146 543 1178 quo
560 1135 735 1168 maximus
752 1134 898 1168 occubat
916 1134 1057 1178 Hector,

26 1179 201 1213 Victorem
218 1180 334 1214 Buten
350 1180 495 1213 immani
512 1191 661 1224 corpore,
678 1180 739 1224 qui
756 1192 791 1213 se

25 1225 194 1269 Bebrycia
210 1226 351 1259 veniens
369 1225 493 1268 Amyci
510 1226 552 1258 de
569 1230 673 1269 gente
689 1226 833 1268 ferebat,

25 1271 190 1313 Perculit,
208 1276 243 1304 et
259 1271 358 1304 fulva
373 1271 621 1304 moribundum
637 1272 798 1304 extendit
815 1283 928 1305 arena.

25 1317 117 1350 Talis
135 1317 247 1360 prima
264 1317 372 1350 Dares
390 1320 497 1360 caput
513 1317 625 1350 altum
642 1317 678 1349 in
696 1317 818 1361 proelia
835 1317 939 1360 tollit,

26 1362 256 1406 Ostenditque
272 1362 432 1395 humeros
449 1362 546 1404 latos,
564 1362 766 1406 alternaque
779 1364 893 1406 jactat

25 1408 174 1441 Brachia
190 1408 409 1451 protendens,
426 1412 461 1441 et
478 1408 635 1441 verberat
651 1409 778 1441 ictibus
795 1420 905 1442 auraS.

27 1453 203 1494 Quaeritur
220 1453 303 1486 huic
321 1453 410 1486 alius
425 1466 431 1486 :
456 1465 520 1486 nec
538 1454 723 1498 quisquam
740 1466 783 1487 ex
800 1455 939 1498 agmine
957 1458 1056 1488 tanto

26 1499 143 1532 Audet
160 1499 256 1532 adire
273 1499 396 1541 virum,
413 1499 643 1544 manibusque
660 1500 823 1533 inducere
841 1505 965 1534 cestus.

25 1545 118 1588 Ergo
134 1545 268 1587 alacris,
286 1550 498 1588 cunctosque
514 1550 643 1589 putans
660 1546 825 1578 excedere
842 1545 968 1589 palma,
1079 1548 1146 1580 380

26 1590 146 1623 AEneae
164 1591 262 1623 stetit
279 1595 362 1623 ante
379 1591 482 1634 pedes
498 1604 506 1631 ;
530 1602 594 1624 nec
610 1591 712 1635 plura
729 1596 892 1633 moratus,

27 1636 116 1669 Tum
132 1636 221 1669 laeva
239 1640 382 1670 taurum
398 1648 504 1669 cornu
522 1641 628 1680 tenet,
646 1641 752 1681 atque
768 1637 820 1670 ita
836 1637 952 1671 fatur:

29 1680 46 1695 “
60 1679 150 1712 Nate
167 1680 239 1720 dea,
258 1681 286 1712 si
302 1692 402 1713 nemo
421 1680 527 1713 audet
544 1692 578 1713 se
596 1681 732 1714 credere
749 1690 887 1724 pugnae,

32 1724 116 1765 Quae
134 1725 211 1758 finis
229 1726 343 1759 standi
358 1725 369 1758 2
396 1737 462 1769 quo
479 1738 533 1759 me
551 1726 648 1759 decet
665 1738 774 1769 usque
791 1725 901 1759 teneri
915 1724 927 1759 ἲ
