1320 1932
430 73 649 107 AENEIDOS
674 73 761 107 LIB.
787 72 847 106 XI.
1135 74 1203 107 333

81 140 154 174 Aut
171 140 257 174 ille
247 152 284 173 111
301 143 422 185 pastus
440 145 667 184 armentaque
685 141 800 174 tendit
818 152 995 187 equarum,

81 186 155 219 Aut
171 190 329 219 assuetus
347 198 447 230 aquae
465 199 525 230 per
527 187 629 219 fundi
646 186 790 219 flumine
807 191 889 220 noto

81 231 228 274 Emicat,
246 233 456 275 arrectisque
473 232 590 264 fremit
609 232 800 265 cervicibus
818 232 888 265 alte

82 276 301 310 Luxurians·
295 303 302 317 ‚
327 277 524 321 luduntque
536 277 631 321 jnbae
649 289 710 321 per
727 278 825 320 colla,
842 289 903 321 pei
920 289 1040 312 armos.

83 322 196 356 Obvia
213 323 279 365 cui,
298 323 501 356 Volscorum
519 323 590 356 11616
609 323 806 363 comitante,
826 323 972 358 Camilla

86 367 252 410 Occurrit,
270 368 448 412 portisque
465 367 508 401 ab
526 379 613 411 equo
631 369 752 412 regina
769 369 832 401 sub
850 369 933 412 ipsis

84 412 235 446 Desiluit
251 426 258 454 3
284 425 388 457 quam
405 417 480 446 tota
497 414 616 447 cohors
634 414 773 447 imitata
790 414 920 447 relictis
1133 417 1203 449 500

84 458 138 491 Ad
157 463 283 492 terram
302 459 450 492 defluxit
468 460 564 503 equis
579 472 587 500 ;
613 464 690 492 tum
707 460 792 493 talia
809 460 925 494 fatur:

82 503 100 520 “
113 503 236 544 Turne,
254 504 306 536 sui
323 505 446 537 merito
465 506 488 537 si
510 516 578 547 qua
599 510 650 536 est
667 504 796 537 fiducia
813 505 907 545 forti,

83 549 205 582 Audeo
223 552 257 582 et
274 549 467 582 AEneadum
486 549 651 600 promitto
669 560 844 581 occurrere
862 553 996 590 turmae,

85 594 232 646 Solaque
249 594 443 637 Tyrlhenos
461 594 593 637 equites
611 594 660 626 ire
678 594 778 627 obvia
795 598 924 626 contin.

85 640 143 673 Me
161 640 234 673 sine
251 640 363 684 prima
379 651 487 672 manu
504 643 639 672 tentare
657 639 812 691 pericula
828 639 932 672 belli:

85 685 138 718 Tu
155 686 258 729 pedes
275 685 319 718 ad
336 696 452 718 muros
470 685 628 727 subsiste,
646 689 681 717 et
697 685 826 718 moenia
843 678 969 717 se1·va.’

85 731 222 764 Turnus
239 731 283 764 ad
300 730 385 773 haec,
403 730 518 763 oculos
536 730 732 763 horrenda'
723 742 760 763 111
778 730 913 773 virgine
930 730 1021 763 fixus
1036 741 1043 764 :

90 778 109 794 ‘⁴
121 776 148 810 Ο
167 777 270 810 decus
289 776 403 810 Italiae
422 776 526 815 virgo,
545 787 629 817 quas
648 774 760 807 dicere
776 779 901 816 grateS,

88 822 224 862 Quasve
239 821 365 854 referre
382 831 500 864 parem
515 819 527 852 2
553 820 611 852 sed
629 831 732 861 nunc,
750 822 801 852 est
819 820 934 851 omnia
952 818 1091 862 quando

87 867 158 900 Iste
175 867 312 900 animus
330 877 442 910 supra,
461 876 598 898 mecum
615 847 745 917 partire
762 864 923 897 laborem.
1140 866 1207 898 510

87 912 223 955 AEneas,
240 915 282 945 ut
297 912 392 945 fama
408 911 511 944 fidem
529 911 693 954 missique
709 913 889 953 reportant

87 957 341 1001 Exploratores,
360 957 518 1001 equitum
535 956 625 989 levia
642 955 818 999 improbus
836 967 932 988 arma

88 1003 270 1045 Praemisit,
289 1006 473 1047 quaterent
490 1013 654 1046 campos3
678 1004 751 1045 ipse
769 1001 878 1034 ardua
894 1001 1023 1034 montis

89 1048 156 1082 Per
172 1049 334 1082 deserta
320 1060 405 1091 jugo
424 1059 588 1092 superans
606 1028 775 1081 ad'ventat
792 1047 837 1080 ad
854 1047 984 1080 urbem.

89 1094 199 1127 Furta
215 1106 297 1137 paro
314 1093 397 1127 belli
414 1105 567 1127 convexo
585 1093 622 1126 in
639 1093 779 1126 tramite
798 1093 904 1135 silvae,

89 1139 138 1173 Ut
154 1139 265 1172 bivias
282 1143 416 1173 armato
435 1139 589 1172 obsidam
605 1139 717 1171 milite
734 1139 862 1171 fauces.

89 1184 143 1218 Tu
159 1185 378 1229 Tyrrhenum
395 1184 548 1228 equitem
565 1184 700 1217 collatis
718 1184 840 1227 excipe
858 1183 965 1226 signis
980 1195 989 1224 ;

89 1230 218 1264 Tecum
236 1242 313 1264 acer
330 1231 510 1274 Messapus
528 1230 603 1271 erit,
620 1233 814 1273 turmaeque
832 1229 977 1272 Latinae,

90 1276 303 1320 Tiburnique
319 1287 444 1309 manus
459 1287 465 1308 :
492 1276 589 1308 ducis
608 1279 642 1308 et
660 1278 699 1307 tu
717 1275 858 1318 concipe
875 1275 1021 1309 curam.”

91 1322 147 1355 Sic
164 1322 224 1364 ait,
243 1325 277 1355 et
294 1321 435 1366 paribus
452 1321 653 1365 Messapum
670 1321 706 1353 in
724 1320 845 1364 proelia
862 1320 964 1353 dictis
1142 1322 1210 1354 520

92 1367 264 1401 Hortatur
281 1368 455 1411 sociosque
473 1367 586 1409 duces,
606 1371 640 1399 et
657 1366 772 1410 pergit
788 1366 826 1398 in
843 1366 986 1400 hostem.

91 1413 155 1446 Est
172 1424 277 1446 curvo
294 1413 457 1446 anfractu
474 1412 592 1454 valles,
611 1412 831 1445 accommoda
847 1411 964 1444 fraudi

91 1459 346 1502 Armorumque
363 1458 460 1501 dolis,
478 1469 582 1502 quam
599 1457 713 1490 densis
729 1457 910 1490 frondibus
928 1461 1044 1490 atrum

92 1504 202 1548 Urget
219 1505 395 1548 utrimque
412 1503 527 1545 latus;
552 1503 667 1537 tenuis
685 1514 752 1546 quo
770 1504 893 1536 semita
910 1503 1020 1547 ducit,

93 1550 332 1594 Angustaeque
349 1550 467 1583 ferunt
483 1530 600 1583 fauces
618 1549 802 1593 aditusque
818 1549 974 1592 maligni.

93 1596 196 1629 Hanc
214 1607 314 1648 super
330 1595 368 1628 in
385 1595 533 1640 speculis
551 1606 750 1638 summoque
767 1595 804 1627 in
820 1595 948 1628 vertice
964 1594 1092 1629 montis

93 1641 262 1675 Planities
276 1641 398 1685 ignota
410 1642 513 1685 jacet,
531 1641 670 1685 tutique
685 1644 868 1685 receptus3

95 1687 163 1721 Seu
179 1687 303 1721 dextra
319 1687 474 1731 laevaque
490 1687 576 1721 velis
593 1698 769 1720 occurrere
786 1697 923 1730 pugnae,

95 1733 175 1768 Sive
191 1733 321 1767 instare
334 1733 439 1778 jugis,
458 1735 493 1767 et
509 1733 656 1777 grandia
672 1732 808 1767 volvere
825 1743 919 1767 saxa.
