1345 1927
144 72 210 105 262
453 68 490 102 P.
517 66 721 101 VIRGILII
748 63 963 100 MARONIS

146 136 331 180 Consurgit
347 136 469 178 senior,
486 136 675 178 tunicaque
692 133 871 167 inducitur
887 137 994 173 artus,

144 183 192 217 Et
208 182 388 226 Tyrrhena
403 181 533 226 pedum
549 180 742 214 circumdat
760 178 900 211 vincula
917 176 1047 221 plantis
1061 187 1068 209 :

144 228 235 262 Tum
250 228 352 261 lateri
368 231 474 271 atque
490 226 642 260 humeris
660 225 842 268 Tegeaeum
859 222 1013 266 subligat
1028 231 1154 263 ensem,

143 273 302 308 Demissa
318 273 361 307 ab
378 273 465 306 laeva
481 272 660 317 pantherae
678 275 776 314 terga
791 273 1003 312 retorquens.
1193 265 1262 298 460

144 319 218 354 Nec
234 330 304 352 non
321 323 356 352 et
372 319 503 362 gemini
520 317 678 351 custodes
695 316 815 349 limine
832 313 876 348 ab
892 313 963 347 alto

143 365 353 399 Praecedunt
369 375 591 408 gressumque
608 373 709 396 canes
727 361 938 394 comitantur
954 357 1108 392 herilem.

144 411 303 455 Hospitis
321 410 438 443 AEneae
456 409 571 443 sedem
588 413 623 442 et
641 411 771 441 secreta
788 405 929 450 petebat

143 457 348 491 Sermonum
363 466 494 488 memor
509 459 545 488 et
561 453 719 498 promissi
734 451 887 485 muneris
904 450 1020 483 heros:

142 502 177 536 N
178 513 216 536 ec
231 502 347 535 minus
363 500 490 534 AEneas
507 512 541 533 se
557 499 753 533 matutinus
770 496 904 541 agebat.

144 548 255 582 Filius
272 547 355 580 huic
371 546 497 588 Pallas,
514 545 568 578 illi
585 555 695 578 comes
712 543 786 576 ibat
802 542 962 575 Achates.

144 592 324 636 Congressi
336 593 494 636 jungunt
512 591 662 633 dextras,
678 589 869 631 mediisque
885 586 1044 620 residunt

142 639 302 680 AEdibus,
320 642 356 671 et
372 637 469 671 licito
487 636 630 670 tandem
646 645 801 669 sermone
816 633 993 666 fruuntur.

144 684 220 717 Rex
237 683 331 728 prior
346 682 421 716 haec
437 694 444 716 ε

144 727 328 761 “Maxime
345 726 555 759 Teucrorum
573 725 706 762 ductor,
723 732 791 765 quo
809 721 935 766 sospite
951 731 1133 764 nunquam
1193 719 1259 752 470

144 771 212 804 Res
229 768 391 813 equidem
407 768 515 812 Trojae
532 769 642 802 victas
659 772 722 801 aut
737 778 845 810 regna
860 766 1004 810 fatebor,

142 813 249 847 Nobis
266 814 311 847 ad
328 814 411 847 belli
427 814 601 847 auxilium
618 825 679 858 pro
695 813 834 846 nomine
851 816 950 846 tanto

141 859 290 903 Exiguae
307 860 405 893 vires.
453 859 547 893 Hinc
564 859 674 894 Tusco
691 858 886 892 claudimur
903 857 1008 900 amni,

142 904 236 938 Hinc
254 905 407 938 Rutulus
423 905 560 949 premit,
577 911 613 938 et
629 915 768 938 murum
785 904 1016 937 circumsonat
1033 903 1146 936 armis.

141 949 209 984 Sed
226 950 291 984 tibi
308 962 370 994 ego
386 951 545 995 ingentes
562 950 706 995 populos
723 950 958 994 opulentaque
975 948 1090 991 regnis

141 995 168 1030 J
168 1007 299 1040 ungere
315 1001 428 1030 castra
445 1007 544 1040 paro:
562 1007 667 1040 quam
683 995 752 1029 fors
769 995 911 1039 inopina
928 994 1075 1028 salutem

141 1041 313 1075 ostentat.
362 1042 460 1075 Fatis
477 1042 546 1075 huc
563 1046 598 1075 te
614 1041 835 1086 poscentibus
851 1040 961 1074 affers.

141 1086 249 1120 Haud
266 1087 387 1132 procul
402 1087 485 1120 hinc
502 1099 585 1121 saxo
601 1087 766 1120 incolitur
782 1086 932 1119 fundata
948 1089 1086 1119 vetusto

140 1132 244 1166 Urbis
261 1133 434 1176 Agyllinae
453 1133 548 1166 sedes
563 1145 569 1167 :
594 1133 656 1166 ubi
672 1132 783 1176 Lydia
799 1131 974 1175 quondam
1081 1145 1094 1149 *⁷

141 1178 242 1219 Gens,
259 1178 349 1212 bello
366 1178 541 1222 praeclara,
554 1179 651 1222 jugis
668 1177 796 1211 insedit
814 1177 978 1211 Etruscis.
1189 1177 1257 1208 480

140 1223 242 1257 Hanc
259 1224 388 1257 multos
404 1224 586 1257 florentem
602 1235 709 1256 annos
725 1235 788 1256 rex
804 1223 929 1256 deinde
947 1221 1092 1267 superbo

140 1269 291 1313 Imperio
308 1274 343 1303 et
361 1270 459 1303 saevis
476 1270 592 1303 tenuit
609 1269 804 1302 Mezentius
821 1269 934 1302 armis.

141 1315 232 1356 Quid
249 1327 435 1349 memorem
452 1315 614 1348 infandas
631 1315 758 1348 caedes!
779 1314 863 1358 quid
879 1314 974 1347 facta
990 1313 1133 1357 tyranni

139 1361 275 1396 Effera!
303 1361 349 1394 Di
366 1361 472 1405 capiti
490 1361 598 1405 ipsius
615 1360 802 1404 generique
819 1361 1015 1393 reservent!

138 1406 281 1440 Mortua
297 1407 382 1450 quin
400 1407 505 1440 etiam
517 1406 690 1451 jungebat
707 1417 848 1450 corpora
863 1405 962 1448 vivis,

139 1452 353 1496 Componens
368 1452 598 1496 manibusque
613 1463 738 1485 manus
755 1456 861 1495 atque
878 1450 994 1484 oribus
1010 1461 1078 1493 ora,

138 1497 316 1531 Tormenti
332 1509 442 1541 genus
457 1499 464 1532 !
492 1502 527 1531 et
545 1498 639 1531 sanie
656 1497 804 1541 taboque
821 1497 969 1530 fluentes

139 1543 329 1587 Complexu
346 1543 382 1576 in
399 1543 521 1576 misero
537 1543 642 1587 longa
659 1543 706 1576 sic
722 1546 832 1576 morte
849 1541 1004 1576 necabat.

137 1589 186 1622 At
202 1589 283 1622 fessi
300 1589 441 1622 tandem
458 1589 548 1622 cives
565 1588 711 1622 infanda
726 1589 902 1622 fluentem

137 1633 274 1667 Armati
291 1635 553 1668 circumsistunt
569 1635 754 1678 ipsumque
771 1634 980 1677 domumque
995 1645 1005 1674 3
1186 1634 1256 1666 490
1320 1621 1337 1673 *⁸

138 1679 359 1713 Obtruncant
377 1680 492 1723 socios,
511 1680 627 1723 ignem
644 1680 688 1713 ad
706 1680 848 1724 fastigia
855 1680 1004 1723 jactant.

137 1724 203 1758 Ille
219 1725 310 1759 inter
327 1725 435 1761 caedes
454 1725 664 1761 Rutulorum
681 1725 817 1772 elapsus
834 1725 871 1759 in
886 1735 986 1769 agros
